<?xml version="1.0" encoding="UTF-8"?>
<!DOCTYPE html PUBLIC "-//W3C//DTD XHTML 1.0 Transitional//EN"
    "http://www.w3.org/TR/xhtml1/DTD/xhtml1-transitional.dtd">
<html xmlns="http://www.w3.org/1999/xhtml" xml:lang="en" lang="en">
 <head>
  <title>
</title>
<meta http-equiv="Content-Type" content="text/html;charset=utf-8" />
  <meta name='ocr-system' content='tesseract 3.04.00' />
  <meta name='ocr-capabilities' content='ocr_page ocr_carea ocr_par ocr_line ocrx_word'/>
</head>
<body>
  <div class='ocr_page' id='page_1' title='image "./carminacumfragm00baccgoog_0235.png"; bbox 0 0 2622 3960; ppageno 0'>
   <div class='ocr_carea' id='block_1_1' title="bbox 574 175 2273 238">
    <p class='ocr_par' dir='ltr' id='par_1_1' title="bbox 574 175 2273 238">
     <span class='ocr_line' id='line_1_1' title="bbox 574 175 2273 238; baseline 0.006 -11"><span class='ocrx_word' id='word_1_1' title='bbox 574 175 1014 227; x_wconf 78' lang='lat' dir='ltr'><strong>FRAGMENTA</strong></span> <span class='ocrx_word' id='word_1_2' title='bbox 1052 176 1158 228; x_wconf 83' lang='grc' dir='ltr'><strong><em>ΑΡ.</em></strong></span> <span class='ocrx_word' id='word_1_3' title='bbox 1197 176 1354 227; x_wconf 82' lang='lat' dir='ltr'><strong>VET.</strong></span> <span class='ocrx_word' id='word_1_4' title='bbox 1396 176 1542 227; x_wconf 78' lang='lat' dir='ltr'>scR.</span> <span class='ocrx_word' id='word_1_5' title='bbox 1584 175 1922 228; x_wconf 83' lang='lat' dir='ltr'>SERVATA.</span> <span class='ocrx_word' id='word_1_6' title='bbox 2146 175 2273 238; x_wconf 85' lang='lat'><strong><em>165</em></strong></span> 
     </span>
    </p>
   </div>
   <div class='ocr_carea' id='block_1_2' title="bbox 209 336 2275 527">
    <p class='ocr_par' dir='ltr' id='par_1_2' title="bbox 209 336 2275 527">
     <span class='ocr_line' id='line_1_2' title="bbox 212 336 2275 421; baseline 0.002 -23"><span class='ocrx_word' id='word_1_7' title='bbox 212 340 576 421; x_wconf 76' lang='lat' dir='ltr'><strong>serentem,</strong></span> <span class='ocrx_word' id='word_1_8' title='bbox 634 336 808 421; x_wconf 86' lang='lat' dir='ltr'>quod</span> <span class='ocrx_word' id='word_1_9' title='bbox 851 342 924 401; x_wconf 79' lang='lat' dir='ltr'><strong><em>ut</em></strong></span> <span class='ocrx_word' id='word_1_10' title='bbox 966 337 1241 419; x_wconf 76' lang='lat' dir='ltr'><strong><em>eyreyius</em></strong></span> <span class='ocrx_word' id='word_1_11' title='bbox 1275 339 1483 418; x_wconf 74' lang='lat' dir='ltr'><em>pictor</em></span> <span class='ocrx_word' id='word_1_12' title='bbox 1527 338 1764 403; x_wconf 76' lang='lat' dir='ltr'><em>vultum</em></span> <span class='ocrx_word' id='word_1_13' title='bbox 1807 339 2145 420; x_wconf 76' lang='lat' dir='ltr'><em>speciosum</em></span> <span class='ocrx_word' id='word_1_14' title='bbox 2190 339 2275 421; x_wconf 82' lang='lat' dir='ltr'><strong><em>ef-</em></strong></span> 
     </span>
     <span class='ocr_line' id='line_1_3' title="bbox 209 443 2271 527; baseline 0.001 -20"><span class='ocrx_word' id='word_1_15' title='bbox 209 443 435 525; x_wconf 69' lang='lat' dir='ltr'><strong><em>finyit,</em></strong></span> <span class='ocrx_word' id='word_1_16' title='bbox 495 445 593 507; x_wconf 56' lang='lat' dir='ltr'><strong><em>‘ita</em></strong></span> <span class='ocrx_word' id='word_1_17' title='bbox 628 444 945 526; x_wconf 74' lang='lat' dir='ltr'><em>pudicitia</em></span> <span class='ocrx_word' id='word_1_18' title='bbox 990 443 1208 509; x_wconf 78' lang='lat' dir='ltr'><strong><em>celsius</em></strong></span> <span class='ocrx_word' id='word_1_19' title='bbox 1253 450 1711 527; x_wconf 64' lang='lat' dir='ltr'><strong><em>consumentem</em></strong></span> <span class='ocrx_word' id='word_1_20' title='bbox 1756 446 1951 510; x_wconf 77' lang='lat' dir='ltr'><em>vitam</em></span> <span class='ocrx_word' id='word_1_21' title='bbox 1997 450 2271 510; x_wconf 78' lang='lat' dir='ltr'><strong><em>exornat.</em></strong></span> 
     </span>
    </p>
   </div>
   <div class='ocr_carea' id='block_1_3' title="bbox 1094 656 1414 741">
    <p class='ocr_par' dir='ltr' id='par_1_3' title="bbox 1094 656 1414 741">
     <span class='ocr_line' id='line_1_4' title="bbox 1094 656 1414 741; baseline 0 -21"><span class='ocrx_word' id='word_1_22' title='bbox 1094 656 1414 741; x_wconf 72' lang='lat'>39.[51]</span> 
     </span>
    </p>
   </div>
   <div class='ocr_carea' id='block_1_4' title="bbox 215 778 2277 1295">
    <p class='ocr_par' dir='ltr' id='par_1_4' title="bbox 215 778 2277 1295">
     <span class='ocr_line' id='line_1_5' title="bbox 409 778 2272 868; baseline 0.001 -22"><span class='ocrx_word' id='word_1_23' title='bbox 409 780 718 866; x_wconf 83' lang='lat' dir='ltr'><strong>Apellen.</strong></span> <span class='ocrx_word' id='word_1_24' title='bbox 769 780 844 844; x_wconf 88' lang='lat' dir='ltr'><strong><em>de</em></strong></span> <span class='ocrx_word' id='word_1_25' title='bbox 891 779 1029 844; x_wconf 82' lang='lat' dir='ltr'><strong>adv.</strong></span> <span class='ocrx_word' id='word_1_26' title='bbox 1075 778 1193 844; x_wconf 85' lang='lat' dir='ltr'><strong><em>Bk.</em></strong></span> <span class='ocrx_word' id='word_1_27' title='bbox 1242 780 1482 845; x_wconf 84' lang='lat' dir='ltr'><strong>Aneed.</strong></span> <span class='ocrx_word' id='word_1_28' title='bbox 1529 779 1622 866; x_wconf 87' lang='grc' dir='ltr'><strong><em>ΙΙ,</em></strong></span> <span class='ocrx_word' id='word_1_29' title='bbox 1669 781 1828 866; x_wconf 81' lang='lat'><strong>596,</strong></span> <span class='ocrx_word' id='word_1_30' title='bbox 1871 782 1955 846; x_wconf 87' lang='lat'><strong><em>14</em></strong></span> <span class='ocrx_word' id='word_1_31' title='bbox 2012 780 2099 868; x_wconf 86' lang='lat' dir='ltr'><strong><em>(p.</em></strong></span> <span class='ocrx_word' id='word_1_32' title='bbox 2144 782 2272 847; x_wconf 84' lang='lat'><strong><em>183</em></strong></span> 
     </span>
     <span class='ocr_line' id='line_1_6' title="bbox 216 885 2273 976; baseline 0 -22"><span class='ocrx_word' id='word_1_33' title='bbox 216 885 651 976; x_wconf 79' lang='lat' dir='ltr'><strong>Schneider):</strong></span> <span class='ocrx_word' id='word_1_34' title='bbox 700 886 781 952; x_wconf 86' lang='grc' dir='ltr'><strong><em>ὃν</em></strong></span> <span class='ocrx_word' id='word_1_35' title='bbox 826 888 1078 973; x_wconf 80' lang='grc' dir='ltr'><strong><em>τρόπον</em></strong></span> <span class='ocrx_word' id='word_1_36' title='bbox 1123 886 1234 952; x_wconf 84' lang='grc' dir='ltr'><strong><em>καὶ</em></strong></span> <span class='ocrx_word' id='word_1_37' title='bbox 1283 886 1379 952; x_wconf 81' lang='grc' dir='ltr'><strong><em>ἐπ’</em></strong></span> <span class='ocrx_word' id='word_1_38' title='bbox 1428 887 1776 972; x_wconf 75' lang='grc' dir='ltr'><em>ὀνομάτων</em></span> <span class='ocrx_word' id='word_1_39' title='bbox 1821 888 2273 973; x_wconf 84' lang='grc' dir='ltr'><strong><em>μεταπλασμοὶ</em></strong></span> 
     </span>
     <span class='ocr_line' id='line_1_7' title="bbox 215 992 2274 1081; baseline 0 -20"><span class='ocrx_word' id='word_1_40' title='bbox 215 1000 566 1079; x_wconf 76' lang='grc' dir='ltr'><strong><em>γίνονται,</em></strong></span> <span class='ocrx_word' id='word_1_41' title='bbox 613 994 918 1079; x_wconf 74' lang='grc' dir='ltr'><strong><em>καθάπερ</em></strong></span> <span class='ocrx_word' id='word_1_42' title='bbox 949 1045 962 1058; x_wconf 92' lang='grc'><strong><em>.</em></strong></span> <span class='ocrx_word' id='word_1_43' title='bbox 994 1045 1008 1058; x_wconf 93' lang='grc'><strong><em>.</em></strong></span> <span class='ocrx_word' id='word_1_44' title='bbox 1038 1044 1052 1058; x_wconf 94' lang='grc'><strong><em>.</em></strong></span> <span class='ocrx_word' id='word_1_45' title='bbox 1081 995 1155 1058; x_wconf 89' lang='grc' dir='ltr'><strong><em>τὸ</em></strong></span> <span class='ocrx_word' id='word_1_46' title='bbox 1195 992 1748 1081; x_wconf 75' lang='grc' dir='ltr'><strong><em>πυργοκέρατα</em></strong></span> <span class='ocrx_word' id='word_1_47' title='bbox 1791 997 1971 1081; x_wconf 82' lang='grc' dir='ltr'><strong><em>παρὰ</em></strong></span> <span class='ocrx_word' id='word_1_48' title='bbox 2016 1001 2274 1081; x_wconf 90' lang='grc' dir='ltr'><strong><em>Βακχυ-</em></strong></span> 
     </span>
     <span class='ocr_line' id='line_1_8' title="bbox 216 1098 2277 1189; baseline 0 -22"><span class='ocrx_word' id='word_1_49' title='bbox 216 1105 406 1189; x_wconf 90' lang='grc' dir='ltr'><strong><em>λίδῃ.</em></strong></span> <span class='ocrx_word' id='word_1_50' title='bbox 527 1101 793 1166; x_wconf 86' lang='lat' dir='ltr'>Pindari</span> <span class='ocrx_word' id='word_1_51' title='bbox 863 1099 1231 1186; x_wconf 81' lang='grc' dir='ltr'><strong><em>ὑψικέρατα</em></strong></span> <span class='ocrx_word' id='word_1_52' title='bbox 1303 1100 1553 1186; x_wconf 87' lang='grc' dir='ltr'><strong><em>πέτραν</em></strong></span> <span class='ocrx_word' id='word_1_53' title='bbox 1628 1098 1732 1187; x_wconf 89' lang='lat' dir='ltr'><strong>(fr.</strong></span> <span class='ocrx_word' id='word_1_54' title='bbox 1793 1099 1951 1188; x_wconf 81' lang='lat'>325)</span> <span class='ocrx_word' id='word_1_55' title='bbox 2028 1104 2277 1167; x_wconf 74' lang='lat' dir='ltr'><strong>confert</strong></span> 
     </span>
     <span class='ocr_line' id='line_1_9' title="bbox 219 1205 1906 1295; baseline -0.001 -22"><span class='ocrx_word' id='word_1_56' title='bbox 219 1208 478 1295; x_wconf 84' lang='lat' dir='ltr'><strong>Bergk,</strong></span> <span class='ocrx_word' id='word_1_57' title='bbox 524 1208 637 1292; x_wconf 88' lang='lat' dir='ltr'><strong><em>qui</em></strong></span> <span class='ocrx_word' id='word_1_58' title='bbox 684 1229 781 1290; x_wconf 88' lang='lat' dir='ltr'><strong><em>ap.</em></strong></span> <span class='ocrx_word' id='word_1_59' title='bbox 828 1205 1058 1271; x_wconf 82' lang='lat' dir='ltr'>Bacch.</span> <span class='ocrx_word' id='word_1_60' title='bbox 1106 1208 1372 1292; x_wconf 82' lang='grc' dir='ltr'><strong><em>πύργον</em></strong></span> <span class='ocrx_word' id='word_1_61' title='bbox 1416 1205 1784 1294; x_wconf 81' lang='grc' dir='ltr'><strong><em>ὑψικέρατα</em></strong></span> <span class='ocrx_word' id='word_1_62' title='bbox 1830 1208 1906 1272; x_wconf 87' lang='lat' dir='ltr'><strong><em>ei.</em></strong></span> 
     </span>
    </p>
   </div>
   <div class='ocr_carea' id='block_1_5' title="bbox 1098 1418 1420 1504">
    <p class='ocr_par' dir='ltr' id='par_1_5' title="bbox 1098 1418 1420 1504">
     <span class='ocr_line' id='line_1_10' title="bbox 1098 1418 1420 1504; baseline -0.003 -21"><span class='ocrx_word' id='word_1_63' title='bbox 1098 1418 1420 1504; x_wconf 71' lang='lat'>40.[53]</span> 
     </span>
    </p>
   </div>
   <div class='ocr_carea' id='block_1_6' title="bbox 221 1542 2279 1963">
    <p class='ocr_par' dir='ltr' id='par_1_6' title="bbox 221 1542 2279 1963">
     <span class='ocr_line' id='line_1_11' title="bbox 415 1542 2279 1631; baseline 0.001 -22"><span class='ocrx_word' id='word_1_64' title='bbox 415 1544 653 1609; x_wconf 73' lang='lat' dir='ltr'><strong>Athen.</strong></span> <span class='ocrx_word' id='word_1_65' title='bbox 710 1543 832 1628; x_wconf 83' lang='lat' dir='ltr'><strong><em>IV,</em></strong></span> <span class='ocrx_word' id='word_1_66' title='bbox 887 1546 1015 1610; x_wconf 83' lang='lat'><strong><em>174</em></strong></span> <span class='ocrx_word' id='word_1_67' title='bbox 1042 1543 1121 1609; x_wconf 87' lang='lat' dir='ltr'><strong><em>F:</em></strong></span> <span class='ocrx_word' id='word_1_68' title='bbox 1197 1547 1462 1622; x_wconf 79' lang='grc' dir='ltr'><strong><em>τούτοις</em></strong></span> <span class='ocrx_word' id='word_1_69' title='bbox 1527 1542 1984 1631; x_wconf 76' lang='grc' dir='ltr'><strong><em>(γιγγραίνοις</em></strong></span> <span class='ocrx_word' id='word_1_70' title='bbox 2047 1544 2279 1622; x_wconf 82' lang='grc' dir='ltr'><strong><em>αὐλοῖς</em></strong></span> 
     </span>
     <span class='ocr_line' id='line_1_12' title="bbox 221 1648 2277 1738; baseline -0.001 -20"><span class='ocrx_word' id='word_1_71' title='bbox 221 1649 664 1738; x_wconf 82' lang='lat' dir='ltr'><strong>Phoenicum)</strong></span> <span class='ocrx_word' id='word_1_72' title='bbox 715 1648 790 1716; x_wconf 75' lang='grc' dir='ltr'><strong><em>δὲ</em></strong></span> <span class='ocrx_word' id='word_1_73' title='bbox 834 1650 945 1716; x_wconf 90' lang='grc' dir='ltr'><strong><em>καὶ</em></strong></span> <span class='ocrx_word' id='word_1_74' title='bbox 992 1652 1057 1717; x_wconf 87' lang='grc' dir='ltr'><strong><em>οῑ</em></strong></span> <span class='ocrx_word' id='word_1_75' title='bbox 1095 1655 1316 1738; x_wconf 81' lang='grc' dir='ltr'><strong><em>Κᾶρες</em></strong></span> <span class='ocrx_word' id='word_1_76' title='bbox 1353 1662 1642 1738; x_wconf 84' lang='grc' dir='ltr'><strong><em>χρῶνται</em></strong></span> <span class='ocrx_word' id='word_1_77' title='bbox 1684 1650 1759 1716; x_wconf 82' lang='grc' dir='ltr'><strong><em>ἐν</em></strong></span> <span class='ocrx_word' id='word_1_78' title='bbox 1794 1662 1935 1729; x_wconf 89' lang='grc' dir='ltr'><strong><em>τοῖς</em></strong></span> <span class='ocrx_word' id='word_1_79' title='bbox 1970 1655 2277 1738; x_wconf 77' lang='grc' dir='ltr'><strong><em>θρήνοις,</em></strong></span> 
     </span>
     <span class='ocr_line' id='line_1_13' title="bbox 225 1758 2277 1846; baseline 0 -22"><span class='ocrx_word' id='word_1_80' title='bbox 225 1762 294 1826; x_wconf 77' lang='grc' dir='ltr'><strong><em>εἰ</em></strong></span> <span class='ocrx_word' id='word_1_81' title='bbox 332 1761 422 1844; x_wconf 87' lang='grc' dir='ltr'><strong><em>μὴ</em></strong></span> <span class='ocrx_word' id='word_1_82' title='bbox 463 1761 591 1845; x_wconf 79' lang='grc' dir='ltr'><strong><em>ἄρα</em></strong></span> <span class='ocrx_word' id='word_1_83' title='bbox 626 1758 814 1842; x_wconf 84' lang='grc' dir='ltr'><strong><em>καὶὴ</em></strong></span> <span class='ocrx_word' id='word_1_84' title='bbox 854 1761 1113 1845; x_wconf 88' lang='grc' dir='ltr'><strong><em>Καρία</em></strong></span> <span class='ocrx_word' id='word_1_85' title='bbox 1155 1762 1491 1843; x_wconf 85' lang='grc' dir='ltr'><strong><em>Φοινίκη</em></strong></span> <span class='ocrx_word' id='word_1_86' title='bbox 1534 1758 1925 1844; x_wconf 83' lang='grc' dir='ltr'><strong><em>ἐκαλεῖτο,</em></strong></span> <span class='ocrx_word' id='word_1_87' title='bbox 1974 1759 2062 1836; x_wconf 82' lang='grc' dir='ltr'><strong><em>ὡς</em></strong></span> <span class='ocrx_word' id='word_1_88' title='bbox 2098 1761 2277 1846; x_wconf 76' lang='grc' dir='ltr'><strong><em>παρὰ</em></strong></span> 
     </span>
     <span class='ocr_line' id='line_1_14' title="bbox 231 1864 1653 1963; baseline 0 -32"><span class='ocrx_word' id='word_1_89' title='bbox 231 1870 543 1953; x_wconf 80' lang='grc' dir='ltr'><strong><em>Κορίννῃ</em></strong></span> <span class='ocrx_word' id='word_1_90' title='bbox 590 1864 700 1930; x_wconf 90' lang='grc' dir='ltr'><strong><em>καὶ</em></strong></span> <span class='ocrx_word' id='word_1_91' title='bbox 747 1866 1131 1951; x_wconf 81' lang='grc' dir='ltr'><strong><em>Βακχυλίδῃ</em></strong></span> <span class='ocrx_word' id='word_1_92' title='bbox 1181 1869 1365 1963; x_wconf 74' lang='grc' dir='ltr'><strong><em>ἔστιν</em></strong></span> <span class='ocrx_word' id='word_1_93' title='bbox 1411 1867 1653 1952; x_wconf 82' lang='grc' dir='ltr'><strong><em>εὑρεῖν.</em></strong></span> 
     </span>
    </p>
   </div>
   <div class='ocr_carea' id='block_1_7' title="bbox 1096 2079 1418 2166">
    <p class='ocr_par' dir='ltr' id='par_1_7' title="bbox 1096 2079 1418 2166">
     <span class='ocr_line' id='line_1_15' title="bbox 1096 2079 1418 2166; baseline 0.003 -23"><span class='ocrx_word' id='word_1_94' title='bbox 1096 2079 1418 2166; x_wconf 71' lang='grc'><strong><em>41.[54]</em></strong></span> 
     </span>
    </p>
   </div>
   <div class='ocr_carea' id='block_1_8' title="bbox 237 2203 2281 2691">
    <p class='ocr_par' dir='ltr' id='par_1_8' title="bbox 237 2203 2281 2691">
     <span class='ocr_line' id='line_1_16' title="bbox 421 2203 2279 2291; baseline 0.001 -21"><span class='ocrx_word' id='word_1_95' title='bbox 421 2204 632 2271; x_wconf 82' lang='lat' dir='ltr'>Schol.</span> <span class='ocrx_word' id='word_1_96' title='bbox 678 2203 789 2269; x_wconf 86' lang='lat' dir='ltr'><strong><em>Ar.</em></strong></span> <span class='ocrx_word' id='word_1_97' title='bbox 826 2203 948 2268; x_wconf 85' lang='lat' dir='ltr'><strong><em>Av.</em></strong></span> <span class='ocrx_word' id='word_1_98' title='bbox 993 2203 1191 2269; x_wconf 82' lang='lat'>1536:</span> <span class='ocrx_word' id='word_1_99' title='bbox 1237 2205 1651 2291; x_wconf 81' lang='grc' dir='ltr'><strong><em>Εὐφρόνιος,</em></strong></span> <span class='ocrx_word' id='word_1_100' title='bbox 1700 2206 1802 2270; x_wconf 82' lang='grc' dir='ltr'><strong><em>ὅτι</em></strong></span> <span class='ocrx_word' id='word_1_101' title='bbox 1849 2206 2019 2282; x_wconf 89' lang='grc' dir='ltr'><strong><em>Διὸς</em></strong></span> <span class='ocrx_word' id='word_1_102' title='bbox 2065 2207 2279 2289; x_wconf 76' lang='grc' dir='ltr'><strong><em>θυγά-</em></strong></span> 
     </span>
     <span class='ocr_line' id='line_1_17' title="bbox 237 2310 2281 2399; baseline 0.001 -23"><span class='ocrx_word' id='word_1_103' title='bbox 237 2336 361 2399; x_wconf 85' lang='grc' dir='ltr'><strong><em>τηρ</em></strong></span> <span class='ocrx_word' id='word_1_104' title='bbox 424 2313 463 2396; x_wconf 82' lang='grc' dir='ltr'><em>ἡ</em></span> <span class='ocrx_word' id='word_1_105' title='bbox 525 2315 875 2396; x_wconf 90' lang='grc' dir='ltr'><strong><em>Βασιλεία,</em></strong></span> <span class='ocrx_word' id='word_1_106' title='bbox 940 2310 1051 2376; x_wconf 91' lang='grc' dir='ltr'><strong><em>καὶ</em></strong></span> <span class='ocrx_word' id='word_1_107' title='bbox 1113 2312 1298 2376; x_wconf 90' lang='grc' dir='ltr'><strong><em>δοκεῖ</em></strong></span> <span class='ocrx_word' id='word_1_108' title='bbox 1357 2313 1438 2375; x_wconf 81' lang='grc' dir='ltr'><strong><em>τὰ</em></strong></span> <span class='ocrx_word' id='word_1_109' title='bbox 1495 2314 1660 2376; x_wconf 77' lang='grc' dir='ltr'><strong><em>κατὰ</em></strong></span> <span class='ocrx_word' id='word_1_110' title='bbox 1718 2313 1841 2396; x_wconf 88' lang='grc' dir='ltr'><strong><em>τὴν</em></strong></span> <span class='ocrx_word' id='word_1_111' title='bbox 1900 2313 2281 2378; x_wconf 81' lang='grc' dir='ltr'><strong><em>ἀθανασίαν</em></strong></span> 
     </span>
     <span class='ocr_line' id='line_1_18' title="bbox 238 2417 2279 2504; baseline -0 -20"><span class='ocrx_word' id='word_1_112' title='bbox 238 2420 406 2504; x_wconf 77' lang='grc' dir='ltr'><strong><em>αὕτη</em></strong></span> <span class='ocrx_word' id='word_1_113' title='bbox 438 2421 841 2504; x_wconf 83' lang='grc' dir='ltr'><strong><em>οἰκονομεῖν,</em></strong></span> <span class='ocrx_word' id='word_1_114' title='bbox 868 2419 956 2503; x_wconf 81' lang='grc' dir='ltr'><strong><em>ἣν</em></strong></span> <span class='ocrx_word' id='word_1_115' title='bbox 984 2421 1115 2503; x_wconf 80' lang='grc' dir='ltr'><strong><em>ἔχει</em></strong></span> <span class='ocrx_word' id='word_1_116' title='bbox 1145 2417 1256 2482; x_wconf 85' lang='grc' dir='ltr'><strong><em>καὶ</em></strong></span> <span class='ocrx_word' id='word_1_117' title='bbox 1282 2419 1462 2504; x_wconf 77' lang='grc' dir='ltr'><strong><em>παρὰ</em></strong></span> <span class='ocrx_word' id='word_1_118' title='bbox 1480 2420 1864 2504; x_wconf 79' lang='grc' dir='ltr'><strong><em>Βακχυλίδῃ</em></strong></span> <span class='ocrx_word' id='word_1_119' title='bbox 1893 2419 1933 2502; x_wconf 85' lang='grc' dir='ltr'><em>ἡ</em></span> <span class='ocrx_word' id='word_1_120' title='bbox 1958 2417 2279 2503; x_wconf 79' lang='grc' dir='ltr'><strong><em>Ἀθηνᾶ,</em></strong></span> 
     </span>
     <span class='ocr_line' id='line_1_19' title="bbox 237 2524 1752 2615; baseline -0.001 -25"><span class='ocrx_word' id='word_1_121' title='bbox 237 2534 341 2615; x_wconf 75' lang='grc' dir='ltr'><strong><em>τῷ</em></strong></span> <span class='ocrx_word' id='word_1_122' title='bbox 399 2527 637 2590; x_wconf 80' lang='grc' dir='ltr'><strong><em>Τυδεῖ</em></strong></span> <span class='ocrx_word' id='word_1_123' title='bbox 685 2526 1051 2591; x_wconf 81' lang='grc' dir='ltr'><strong><em>δώσουσα</em></strong></span> <span class='ocrx_word' id='word_1_124' title='bbox 1095 2526 1236 2608; x_wconf 82' lang='grc' dir='ltr'><strong><em>τὴν</em></strong></span> <span class='ocrx_word' id='word_1_125' title='bbox 1284 2524 1752 2590; x_wconf 82' lang='grc' dir='ltr'><strong><em>ἀθανασίαν.</em></strong></span> 
     </span>
     <span class='ocr_line' id='line_1_20' title="bbox 771 2634 1755 2691; baseline 0 0"><span class='ocrx_word' id='word_1_126' title='bbox 771 2646 776 2651; x_wconf 92' lang='grc'><em>“</em></span> <span class='ocrx_word' id='word_1_127' title='bbox 1724 2634 1755 2691; x_wconf 67' lang='lat'>0</span> 
     </span>
    </p>
   </div>
   <div class='ocr_carea' id='block_1_9' title="bbox 1099 2738 1421 2823">
    <p class='ocr_par' dir='ltr' id='par_1_9' title="bbox 1099 2738 1421 2823">
     <span class='ocr_line' id='line_1_21' title="bbox 1099 2738 1421 2823; baseline 0.006 -21"><span class='ocrx_word' id='word_1_128' title='bbox 1099 2738 1421 2823; x_wconf 79' lang='lat'>42.[55]</span> 
     </span>
    </p>
   </div>
   <div class='ocr_carea' id='block_1_10' title="bbox 219 2860 2283 3394">
    <p class='ocr_par' dir='ltr' id='par_1_10' title="bbox 219 2860 2283 3270">
     <span class='ocr_line' id='line_1_22' title="bbox 425 2860 2280 2948; baseline -0.001 -19"><span class='ocrx_word' id='word_1_129' title='bbox 425 2863 636 2929; x_wconf 77' lang='lat' dir='ltr'>Schol.</span> <span class='ocrx_word' id='word_1_130' title='bbox 683 2864 867 2929; x_wconf 86' lang='lat' dir='ltr'><strong>Pind.</strong></span> <span class='ocrx_word' id='word_1_131' title='bbox 918 2862 1015 2930; x_wconf 90' lang='lat' dir='ltr'><strong><em>Ol.</em></strong></span> <span class='ocrx_word' id='word_1_132' title='bbox 1061 2863 1123 2948; x_wconf 82' lang='lat' dir='ltr'><strong><em>I,</em></strong></span> <span class='ocrx_word' id='word_1_133' title='bbox 1161 2864 1274 2929; x_wconf 83' lang='lat'><strong><em>37:</em></strong></span> <span class='ocrx_word' id='word_1_134' title='bbox 1333 2863 1369 2929; x_wconf 87' lang='grc' dir='ltr'>ὁ</span> <span class='ocrx_word' id='word_1_135' title='bbox 1428 2861 1502 2930; x_wconf 74' lang='grc' dir='ltr'><strong><em>δὲ</em></strong></span> <span class='ocrx_word' id='word_1_136' title='bbox 1549 2868 1624 2929; x_wconf 91' lang='grc' dir='ltr'><strong><em>Β.</em></strong></span> <span class='ocrx_word' id='word_1_137' title='bbox 1672 2865 1792 2932; x_wconf 82' lang='grc' dir='ltr'><strong><em>τὸν</em></strong></span> <span class='ocrx_word' id='word_1_138' title='bbox 1840 2860 2114 2928; x_wconf 88' lang='grc' dir='ltr'><strong><em>Πέλοπα</em></strong></span> <span class='ocrx_word' id='word_1_139' title='bbox 2159 2863 2280 2945; x_wconf 83' lang='grc' dir='ltr'><strong><em>τὴν</em></strong></span> 
     </span>
     <span class='ocr_line' id='line_1_23' title="bbox 219 2965 2282 3060; baseline -0.002 -23"><span class='ocrx_word' id='word_1_140' title='bbox 219 2970 417 3060; x_wconf 29' lang='grc' dir='ltr'><strong><em>,Ῥέαν</em></strong></span> <span class='ocrx_word' id='word_1_141' title='bbox 463 2969 641 3055; x_wconf 78' lang='grc' dir='ltr'><strong><em>λέγει</em></strong></span> <span class='ocrx_word' id='word_1_142' title='bbox 686 2971 962 3055; x_wconf 78' lang='grc' dir='ltr'><strong><em>ὑγιάσαι</em></strong></span> <span class='ocrx_word' id='word_1_143' title='bbox 1018 2978 1347 3037; x_wconf 82' lang='grc' dir='ltr'><strong><em>καθεῖσαν</em></strong></span> <span class='ocrx_word' id='word_1_144' title='bbox 1403 2972 1517 3037; x_wconf 84' lang='grc' dir='ltr'><strong><em>διά</em></strong></span> <span class='ocrx_word' id='word_1_145' title='bbox 1571 2980 1692 3036; x_wconf 83' lang='grc' dir='ltr'><strong><em>τοῦ</em></strong></span> <span class='ocrx_word' id='word_1_146' title='bbox 1740 2967 2016 3053; x_wconf 86' lang='grc' dir='ltr'><strong><em>λέβητος</em></strong></span> <span class='ocrx_word' id='word_1_147' title='bbox 2063 2965 2282 3056; x_wconf 76' lang='grc' dir='ltr'><strong><em>(ἐγκα-</em></strong></span> 
     </span>
     <span class='ocr_line' id='line_1_24' title="bbox 238 3071 2283 3167; baseline -0.003 -23"><span class='ocrx_word' id='word_1_148' title='bbox 238 3087 485 3144; x_wconf 87' lang='grc' dir='ltr'><strong><em>θεῖσαν</em></strong></span> <span class='ocrx_word' id='word_1_149' title='bbox 539 3080 743 3143; x_wconf 76' lang='grc' dir='ltr'><strong><em>πάλιν</em></strong></span> <span class='ocrx_word' id='word_1_150' title='bbox 797 3087 888 3166; x_wconf 77' lang='grc' dir='ltr'><strong><em>τῷ</em></strong></span> <span class='ocrx_word' id='word_1_151' title='bbox 936 3077 1160 3163; x_wconf 83' lang='grc' dir='ltr'><strong><em>λέβητι</em></strong></span> <span class='ocrx_word' id='word_1_152' title='bbox 1217 3079 1292 3144; x_wconf 82' lang='lat' dir='ltr'><strong><em>ei.</em></strong></span> <span class='ocrx_word' id='word_1_153' title='bbox 1340 3076 1564 3167; x_wconf 84' lang='lat' dir='ltr'>ng.),</span> <span class='ocrx_word' id='word_1_154' title='bbox 1621 3076 1734 3161; x_wconf 84' lang='grc' dir='ltr'><strong><em>ἀφ’</em></strong></span> <span class='ocrx_word' id='word_1_155' title='bbox 1783 3071 1864 3142; x_wconf 88' lang='grc' dir='ltr'><strong><em>οὗ</em></strong></span> <span class='ocrx_word' id='word_1_156' title='bbox 1920 3073 2033 3141; x_wconf 84' lang='grc' dir='ltr'><strong><em>καὶ</em></strong></span> <span class='ocrx_word' id='word_1_157' title='bbox 2086 3075 2283 3158; x_wconf 82' lang='grc' dir='ltr'><strong><em>ὑγιὴς</em></strong></span> 
     </span>
     <span class='ocr_line' id='line_1_25' title="bbox 241 3186 559 3270; baseline -0.003 -19"><span class='ocrx_word' id='word_1_158' title='bbox 241 3186 559 3270; x_wconf 81' lang='grc' dir='ltr'><strong><em>ἀνεδόθη.</em></strong></span> 
     </span>
    </p>

    <p class='ocr_par' dir='ltr' id='par_1_11' title="bbox 1099 3309 1427 3394">
     <span class='ocr_line' id='line_1_26' title="bbox 1099 3309 1427 3394; baseline -0.003 -19"><span class='ocrx_word' id='word_1_159' title='bbox 1099 3311 1204 3375; x_wconf 85' lang='grc'><strong><em>43.</em></strong></span> <span class='ocrx_word' id='word_1_160' title='bbox 1263 3309 1427 3394; x_wconf 76' lang='lat'>[58]</span> 
     </span>
    </p>
   </div>
   <div class='ocr_carea' id='block_1_11' title="bbox 243 3431 2282 3629">
    <p class='ocr_par' dir='ltr' id='par_1_12' title="bbox 243 3431 2282 3629">
     <span class='ocr_line' id='line_1_27' title="bbox 421 3431 2282 3517; baseline -0.002 -18"><span class='ocrx_word' id='word_1_161' title='bbox 421 3434 666 3499; x_wconf 83' lang='lat' dir='ltr'><strong>Himer.</strong></span> <span class='ocrx_word' id='word_1_162' title='bbox 707 3431 881 3500; x_wconf 78' lang='lat' dir='ltr'><strong>Orat.</strong></span> <span class='ocrx_word' id='word_1_163' title='bbox 919 3433 1138 3500; x_wconf 89' lang='lat' dir='ltr'>XXIX</span> <span class='ocrx_word' id='word_1_164' title='bbox 1188 3436 1264 3499; x_wconf 90' lang='lat' dir='ltr'><strong><em>de</em></strong></span> <span class='ocrx_word' id='word_1_165' title='bbox 1301 3433 1510 3498; x_wconf 89' lang='lat' dir='ltr'><strong>Iulide</strong></span> <span class='ocrx_word' id='word_1_166' title='bbox 1550 3431 1661 3497; x_wconf 84' lang='lat' dir='ltr'><strong><em>Cei</em></strong></span> <span class='ocrx_word' id='word_1_167' title='bbox 1700 3432 1964 3517; x_wconf 86' lang='lat' dir='ltr'>oppido:</span> <span class='ocrx_word' id='word_1_168' title='bbox 2011 3431 2123 3497; x_wconf 84' lang='grc' dir='ltr'><strong><em>καὶ</em></strong></span> <span class='ocrx_word' id='word_1_169' title='bbox 2161 3436 2282 3496; x_wconf 92' lang='grc' dir='ltr'><strong><em>Σι-</em></strong></span> 
     </span>
     <span class='ocr_line' id='line_1_28' title="bbox 243 3539 1933 3629; baseline -0.001 -22"><span class='ocrx_word' id='word_1_170' title='bbox 243 3542 504 3627; x_wconf 82' lang='grc' dir='ltr'><strong><em>μωνίδῃ</em></strong></span> <span class='ocrx_word' id='word_1_171' title='bbox 551 3539 661 3605; x_wconf 90' lang='grc' dir='ltr'><strong><em>καὶ</em></strong></span> <span class='ocrx_word' id='word_1_172' title='bbox 708 3543 1092 3629; x_wconf 87' lang='grc' dir='ltr'><strong><em>Βακχυλίδῃ</em></strong></span> <span class='ocrx_word' id='word_1_173' title='bbox 1142 3541 1587 3607; x_wconf 83' lang='grc' dir='ltr'><strong><em>ἐσπούδασται</em></strong></span> <span class='ocrx_word' id='word_1_174' title='bbox 1634 3540 1674 3623; x_wconf 85' lang='grc' dir='ltr'><em>ἡ</em></span> <span class='ocrx_word' id='word_1_175' title='bbox 1721 3542 1933 3618; x_wconf 86' lang='grc' dir='ltr'><strong><em>πόλις.</em></strong></span> 
     </span>
    </p>
   </div>
  </div>
 </body>
</html>
