2622 3960
1015 199 1445 255 PRAEFATIO.
2137 200 2261 255 LIX

199 371 372 432 credi
424 371 626 448 potest
680 388 814 428 eam
866 367 1062 445 poetis
1116 367 1426 428 licentiam
1481 368 1693 445 fuisse,
1750 372 1819 428 ut
1873 368 2255 429 sollemnium

200 460 306 521 dei
352 460 450 520 cui
494 460 752 536 hymnus
779 460 1094 517 caneretur
1128 458 1299 516 nulla
1336 457 1577 517 omnino
1614 458 1839 518 mentio
1876 458 2073 518 fieret:
2120 478 2257 518 cum

203 550 271 609 in
318 548 544 609 Bacchi
589 546 975 607 sollemnibus
1020 545 1335 606 videamus
1382 547 1566 606 etiam
1611 544 1682 606 τὰ
1720 543 1909 626 μηδὲν
1953 545 2105 627 πρὸς
2150 545 2256 607 τὸν

203 637 514 699 Διόνυσον
577 639 823 696 cantata
881 639 943 695 et
997 639 1135 695 acta
1190 655 1335 695 esse.
1437 636 1702 714 Egregia
1758 639 1898 695 sunt
1953 656 2108 713 quae
2163 636 2254 694 in-

201 728 576 806 tellegimus3
626 726 699 784 de
737 725 948 784 ceteris
987 727 1169 801 atque
1206 725 1488 784 universa
1518 725 1798 784 carminis
1827 724 2256 801 compositione

202 817 369 875 idem
415 815 710 892 suspicari
752 815 910 873 licet.

384 905 499 963 XV
549 901 765 980 [XVI]
837 901 1157 978 Inscriptio
1186 897 1483 983 Ἡρακλῆς
1518 923 1676 962 nunc
1722 904 2034 980 deperdita
2079 903 2256 962 facile

201 994 548 1053 restituitur
566 985 643 1073 1);
692 995 1113 1069 argumentum
1155 990 1318 1050 idem
1362 992 1544 1068 plane
1591 995 1683 1051 est
1721 996 1904 1069 atque
1943 992 2255 1068 Sophoclis

203 1082 690 1157 Trachiniarum,
746 1082 850 1140 sed
904 1080 1329 1140 adumbratum
1383 1080 1578 1158 magis
1635 1101 1818 1157 quam
1875 1083 2255 1159 explicatum,

202 1176 274 1231 ut
321 1171 470 1248 quid
515 1170 632 1230 sibi
673 1171 823 1229 velit
866 1167 1064 1229 totum
1110 1189 1351 1229 carmen
1397 1171 1587 1228 multo
1626 1170 1823 1230 minus
1860 1171 2260 1247 perspiciatur

201 1281 390 1337 quam
444 1260 511 1319 in
562 1260 833 1336 proximo
887 1259 1103 1335 priore.
1203 1259 1464 1318 Maxime
1520 1258 1714 1317 simile
1772 1262 1863 1319 est
1924 1279 1996 1318 ex
2041 1260 2254 1319 ceteris

203 1350 450 1425 XVIII.⁷
499 1369 567 1408 eo
604 1349 800 1425 magis
840 1348 1000 1424 quod
1043 1348 1108 1406 in
1155 1351 1412 1423 utroque
1448 1347 1823 1423 prooemium
1867 1348 2116 1424 longum
2164 1352 2255 1408 est

200 1459 340 1498 cum
387 1441 562 1516 parte
599 1438 890 1514 primaria
915 1435 1224 1497 levissima
1251 1455 1539 1513 compage
1575 1436 1863 1495 iunctum.
1937 1436 2012 1494 Id
2049 1440 2254 1496 autem

199 1548 340 1588 cum
394 1528 461 1586 in
515 1527 627 1586 hoc
684 1526 895 1602 quinto
952 1515 1180 1585 decimo
1227 1525 1518 1600 Pythium
1569 1524 1916 1601 Apollinem
1976 1526 2252 1601 celebret,

198 1617 579 1694 Delphorum
626 1616 811 1674 etiam
857 1615 1051 1674 choris
1095 1614 1461 1689 memoratis,
1506 1613 1786 1673 videatur
1831 1633 2071 1673 carmen
2118 1633 2254 1673 cum

203 1707 433 1765 editore
481 1704 750 1782 principe
794 1724 904 1780 pro
951 1723 1179 1779 paeane
1225 1703 1567 1762 habendum
1613 1722 1739 1763 esse
1776 1703 1841 1762 in
1880 1704 2253 1779 Delphorum

198 1815 377 1855 usum
408 1795 649 1870 scripto.
753 1792 868 1852 Sed
913 1812 1034 1852 non
1083 1796 1174 1852 est
1225 1792 1551 1851 verisimile
1612 1792 2041 1868 Bacchylidem
2093 1793 2254 1852 inter

200 1904 302 1944 eos
366 1886 581 1961 poetas
646 1883 854 1958 fuisse,
922 1901 1071 1958 quos
1138 1881 1411 1958 queritur
1473 1881 1651 1940 Plato
1720 1874 1891 1963 (Leg.
1948 1882 2058 1958 m,
2091 1874 2249 1963 700)

198 1994 429 2053 genera
485 1972 818 2032 carminum
876 1971 1213 2048 antiquitus
1279 1971 1456 2031 certis
1519 1970 1739 2031 finibus
1804 1971 2254 2048 circumscripta

198 2067 427 2123 temere
476 2065 537 2121 et
571 2081 681 2138 pro
717 2060 966 2120 libidine
1005 2061 1436 2136 permiscuisse.
1518 2061 1738 2120 Procul
1767 2061 1927 2120 enim
1956 2080 1994 2119 a
2019 2081 2251 2137 paeane

199 2152 488 2228 omnique
550 2150 854 2227 Apollinis
917 2150 1207 2227 religione
1282 2149 1454 2209 abest
1526 2150 1883 2210 lamentatio
1948 2151 2250 2229 lugubris;

201 2242 314 2301 hoc
354 2244 561 2301 autem
608 2259 847 2299 carmen
894 2239 1041 2315 quid
1077 2241 1170 2298 est
1205 2237 1413 2297 aliud?
1461 2237 1580 2298 Sed
1614 2239 1956 2299 meminisse
1995 2244 2250 2317 oportet,

199 2351 388 2407 quam
444 2330 575 2388 arte
631 2329 883 2405 Delphis
936 2326 1240 2403 Apollinis
1292 2327 1513 2405 religio„
1566 2346 1698 2386 sum
1752 2328 2009 2405 Dionysi
2067 2330 2253 2389 fuerit

198 2418 575 2492 consociata3
643 2420 825 2494 atque
889 2417 955 2475 in
1008 2418 1121 2476 hoc
1175 2416 1481 2492 prooemio
1537 2420 1608 2476 ut
1663 2416 1876 2477 absens
1938 2418 2004 2476 in
2073 2419 2250 2478 terris

182 2506 774 2585 septentrionalibus
828 2509 1197 2565 memoratur
1241 2506 1489 2581 Apoll03
1554 2509 1808 2582 possunt
1859 2507 2052 2585 igitur
2106 2508 2249 2566 Del·

197 2598 336 2674 phis
393 2595 709 2656 sollemnia
757 2595 1053 2672 quaedam
1107 2595 1293 2653 fuisse
1347 2595 1574 2654 Bacchi
1629 2614 1698 2655 eo
1755 2596 1900 2654 anni
1961 2599 2249 2672 tempore,

201 2706 321 2763 quo
371 2685 536 2762 apud
579 2684 1001 2761 Hyperboreos
1057 2684 1278 2760 Apollo
1337 2683 1552 2762 degere
1609 2685 1985 2761 credebatur,
2043 2685 2247 2761 eisque

197 2773 591 2835 sollemnibus
638 2774 749 2833 hoc
795 2793 1036 2833 carmen
1081 2773 1267 2833 fuisse
1315 2773 1699 2832 destinatum.

381 2864 529 2922 XVI
589 2860 837 2940 [XVHJ.
933 2861 1185 2922 Carmen
1225 2858 1470 2922 ’Ήυθεοι
1514 2859 1555 2941 ἢ
1606 2862 1840 2940 Θησεύς
1893 2860 2248 2937 inscriptum

198 2957 435 3013 certum
482 2955 575 3011 est
619 2955 680 3011 et
722 2952 883 3011 inter
928 2951 1342 3027 dithyrambos
1387 2952 1610 3010 lectum
1658 2970 1784 3010 esse
1822 2970 2017 3026 neque
2063 2950 2247 3010 fuisse

200 3041 671 3119 dithyrmbum,
719 3042 825 3100 sed
868 3059 1161 3116 paeanem
1204 3041 1270 3098 in
1306 3040 1609 3116 Apollinis
1655 3039 1820 3098 Delii
1876 3038 2163 3098 honorem
2210 3059 2247 3098 a

198 3130 463 3191 Ceorum
510 3131 689 3189 choro
737 3130 863 3190 sive
909 3129 1048 3188 Deli
1094 3130 1220 3190 sive
1269 3128 1375 3188 Cei
1421 3132 1751 3188 cantatum.
1767 3119 1817 3206 2)
1909 3128 2049 3186 Deli
2094 3129 2246 3188 fere-

384 3375 438 3443 1)
478 3370 793 3439 Δηϊάνειρα
829 3370 957 3424 fort.
996 3369 1171 3423 fuisse
1206 3369 1267 3422 in
1302 3371 1553 3424 mentem
1598 3368 1755 3423 venit
1790 3366 2245 3424 Wilamowitzio.

198 3445 254 3511 2)
290 3443 378 3497 De
432 3458 652 3524 paeane
705 3443 1065 3514 προσοδιακῷ
1123 3440 1202 3503 εἰς
1252 3445 1441 3510 Δῆλον
1494 3440 1619 3494 Ceis
1675 3440 2059 3509 componendo
2105 3441 2249 3495 haec

200 3514 343 3569 dicit
380 3514 662 3567 Plndarus
701 3513 913 3584 (Isthm.
953 3512 995 3582 I,
1028 3518 1056 3566 7
1098 3514 1267 3581 sqq.):
1324 3513 1422 3566 καὶ
1465 3512 1567 3565 τὸν
1612 3507 1989 3600 ἀκειρεκόμαν
2037 3514 2246 3584 Φοῖβον

201 3587 453 3656 χορεύων
514 3584 582 3639 ἐν
638 3583 786 3659 Κέῳ
833 3583 1188 3659 ἀμφιρύτᾳ
1234 3584 1341 3638 σὺν
1393 3580 1646 3645 ποντίοις
1702 3582 1997 3652 ἀνδρασιν.
2082 3582 2246 3648 Quod
