2622 3960
360 197 515 251 XXX
1163 192 1593 248 PRAEFATIO.

362 363 547 425 καλόν
593 361 750 424 ἐστιν
795 362 1077 438 ἐνισπεῖν,
1136 382 1331 438 neque
1377 360 1560 422 καλόν
1606 364 1868 437 tantum,
1924 360 2029 421 sed
2071 361 2182 420 hac
2226 361 2292 419 in
2336 381 2399 419 re

361 454 546 513 etiam
582 454 961 512 ncessarium.
1038 451 1313 511 Socrates
1349 451 1539 528 igitur
1565 451 2061 526 AristophaneuS,
2102 450 2205 525 qui
2243 450 2401 509 inter

363 543 515 601 alias
535 544 694 601 artes
713 540 823 619 τὴν
843 539 975 621 περὶ
995 540 1249 622 ῥυθμῶν
1273 540 1605 616 profitetur,
1633 539 2031 616 interroganti
2050 538 2399 614 Strepsiadi,

363 631 610 707 quinam
655 632 735 691 sit
779 650 1163 690 numerorum
1198 649 1359 705 usuS‚
1403 630 1552 688 haec
1589 629 1909 705 respondet
1938 621 2019 709 (v.
2052 629 2177 687 649
2211 620 2401 708 sqq.):

358 729 594 801 πρῶτον
649 716 758 797 μὲν
813 713 966 780 εἶναι
1027 716 1269 798 κομψὸν
1335 716 1400 778 ἐν
1466 718 1777 800 συνουσίᾳ,
1840 709 2123 777 ἐπαΐονθ’
2188 713 2395 788 ὁποῖός

357 807 479 869 ἔστι
524 817 641 869 τῶν
689 808 944 890 ῥυθμῶν
981 806 1129 868 κατὰ
1167 806 1481 884 δάκτυλον,
1518 803 1773 886 χώποῖος
1815 797 1893 865 αὖ
1930 799 2061 865 κατ’
2101 804 2395 866 ἐνόπλιον.

356 899 522 957 Haec
568 898 760 976 igitur
805 897 921 957 duo
970 897 1266 973 quaedam
1313 915 1532 973 genera
1576 896 1824 954 fuerunt
1869 899 1930 954 et
1967 895 2287 971 conspicua
2335 899 2395 954 et

357 987 516 1045 inter
571 1006 632 1046 se
688 986 934 1063 similia,
986 986 1376 1061 inveniasque
1437 986 1596 1061 apud
1644 985 1969 1044 Christium
1982 977 2031 1066 1)
2079 986 2280 1043 locum
2328 1004 2400 1042 ex

360 1076 598 1135 scholiis
634 1075 1132 1151 Hephaestioneis
1173 1067 1256 1157 (p.
1300 1077 1424 1133 167
1465 1066 1808 1155 Westphal)
1849 1075 2119 1148 allatum,
2167 1091 2284 1149 quo
2323 1092 2395 1131 ea

359 1165 688 1225 similitudo
737 1164 972 1242 egregie
1018 1165 1386 1223 illustratur:
1445 1161 1830 1223 κατενόπλιον
1894 1158 2003 1241 μὲν
2068 1152 2182 1222 οὖν
2239 1154 2392 1243 (scil.

360 1250 529 1331 ἔπος)
575 1252 697 1314 ἐστι
741 1253 806 1314 τὸ
854 1252 986 1333 ἕχον
1034 1252 1146 1313 δύο
1195 1252 1524 1323 δακτύλους
1570 1250 1671 1311 καὶ
1717 1247 1824 1310 ἕνα
1869 1251 2208 1328 σπονδεῖον,
2264 1245 2394 1310 οἷον

357 1337 461 1413 εὡς
499 1343 653 1417 φάτο
692 1340 1053 1422 δακρυχέων,
1097 1350 1204 1402 τοῦ
1244 1334 1299 1401 δ’
1343 1340 1510 1401 ἔκλυε
1555 1338 1766 1400 πότνια
1811 1336 2026 1420 μήτηρ’
2074 1332 2162 1422 (A
2209 1332 2388 1421 357).

356 1432 587 1508 Nempe
634 1436 775 1492 sunt
822 1432 1067 1508 quidam
1110 1430 1441 1489 hexametri
1488 1448 1692 1490 versus
1741 1422 1926 1511 (inter
1962 1449 2111 1505 quos
2140 1430 2232 1487 est
2267 1429 2395 1504 ipse

355 1521 583 1597 primus
629 1515 884 1602 Iliadis),
935 1520 1041 1596 qui
1090 1520 1373 1596 quoniam
1417 1520 1598 1579 tertio
1646 1521 1928 1594 sextoque
1983 1520 2142 1594 loco,
2198 1538 2392 1593 neque

354 1610 480 1668 ullo
518 1611 657 1685 alio,
705 1610 1031 1686 spondeum
1065 1607 1306 1683 habent,
1347 1608 1529 1667 etiam
1567 1609 1830 1683 enhoplii
1865 1608 2102 1666 numeri
2137 1608 2394 1667 formam

354 1699 419 1756 in
465 1717 526 1756 se
564 1699 882 1775 recipiant3
930 1700 1071 1756 sunt
1116 1700 1319 1755 autem
1365 1697 1422 1756 ei
1467 1697 1545 1755 ad
1582 1697 1864 1755 amussim
1903 1696 2220 1772 exaequati
2255 1696 2394 1755 huic

352 1786 672 1847 Pindarico
735 1786 935 1847 versui
999 1778 1197 1867 (Nem.
1252 1787 1355 1861 IX,
1399 1778 1493 1867 1):
1560 1784 1929 1863 Κωμάσομεν
1984 1780 2125 1864 παρ’
2184 1779 2390 1845 Ἀπόλ-

353 1880 542 1947 λωνος
598 1874 957 1936 Σικυωνόθε
1012 1877 1277 1951 Μοῖσαι,
1340 1875 1463 1934 sive
1518 1874 1898 1950 Bacchylidis
1952 1874 2046 1933 his
2109 1873 2390 1933 membris

355 1965 685 2025 coniunctis
741 1957 902 2046 (XII,
935 1965 1015 2023 75
1073 1983 1158 2040 sq.
1220 1961 1331 2040 [42
1391 1956 1566 2046 sq.]):
1631 1963 1819 2025 νάσου
1874 1960 2160 2043 ὑπέρβιον
2219 1962 2389 2043 ἰσχὺν

351 2053 698 2134 παμμαχίαν
770 2050 888 2113 ἄνα
960 2052 1215 2131 φαίνων.
1305 2054 1521 2129 Itaque
1583 2054 1648 2111 hi
1712 2057 1852 2112 sunt
1912 2053 2040 2113 veri
2105 2053 2388 2130 enhoplii,

355 2147 561 2219 estque
607 2143 778 2204 nobis
824 2143 982 2202 sicut
1025 2142 1449 2218 Aristophanis
1496 2143 1845 2219 aequalibus
1890 2142 1956 2200 id
2007 2161 2393 2201 numerorum

355 2251 541 2310 genus
595 2232 993 2292 notissimum.
1094 2231 1272 2291 Plato
1331 2234 1532 2290 autem
1584 2232 1650 2289 in
1704 2231 1963 2291 Politiae
2009 2230 2163 2291 libro
2208 2231 2390 2291 tertio

355 2318 438 2398 (p.
488 2323 620 2382 400
665 2315 745 2402 Β)
795 2322 868 2380 de
914 2321 1175 2379 numeris
1222 2340 1417 2396 pauca
1462 2321 1755 2380 disserens
1792 2321 1856 2378 in
1894 2340 2108 2397 genere
2146 2320 2389 2396 aequali

353 2402 446 2491 (τὸ
495 2409 626 2470 ἴσον
671 2402 873 2492 γένος)
920 2410 1208 2469 Damonis
1267 2411 1630 2469 auctoritate
1685 2428 1832 2468 usus
1870 2401 1994 2468 ¹hos
2052 2412 2389 2468 enumerat:

354 2496 630 2559 ἐνόπλιόν
677 2521 810 2559 τινα
855 2499 1171 2576 ξύνθετον,
1220 2498 1532 2575 δάκτυλον,
1576 2493 1792 2581 ἡρῷον.
1882 2498 2015 2557 Iam
2049 2501 2171 2558 tres
2209 2498 2388 2557 habe-

351 2608 486 2648 mus
533 2589 756 2664 species
802 2607 910 2664 pro
959 2588 1191 2646 duabus
1240 2607 1397 2662 quae
1446 2587 1641 2646 adhuc
1694 2587 2078 2662 videbantur3
2137 2587 2392 2646 discedit

353 2679 512 2737 enim
536 2679 752 2737 herous
780 2695 1065 2736 numerus
1095 2696 1133 2736 a
1161 2676 1446 2752 dactylici
1474 2675 1777 2735 societate.
1863 2676 1980 2735 Sed
2006 2676 2114 2734 hos
2143 2677 2390 2751 quidem

350 2767 512 2826 inter
557 2786 619 2826 se
667 2767 901 2825 differre
950 2766 1135 2825 etiam
1179 2765 1409 2823 Marius
1446 2765 1793 2824 Victorinus
1832 2765 2005 2824 docet
2052 2757 2135 2845 (p.
2169 2768 2271 2840 70,
2304 2768 2385 2823 21

349 2848 478 2937 K.):
526 2857 720 2929 differi
765 2874 805 2915 a
850 2856 1127 2930 daciylico
1173 2855 1413 2913 heroum
1459 2871 1545 2929 60,
1594 2856 1748 2928 quod
1794 2859 1847 2913 et
1898 2855 2249 2929 dachsticum
2293 2849 2392 2933 <et

351 2939 774 3024 spondiacwm>
830 2949 914 3004 est
967 2947 1020 3003 et
1060 2945 1126 3002 iu
1171 2943 1326 3001 duas
1371 2943 1632 3002 caeditur
1676 2948 1885 3017 partes
1923 2990 1935 3002 .
1977 2987 1988 3000 .
2038 2944 2388 3019 dactylicwn

352 3036 531 3102 euim,
587 3035 717 3093 licet
765 3034 951 3092 isdem
995 3032 1275 3091 subsistat
1304 3032 1577 3104 podiwa
1622 3050 1743 3091 nou
1789 3035 1983 3091 tamen
2015 3034 2202 3091 isdem
2238 3034 2388 3091 divi-

349 3124 611 3182 sionibus
662 3127 731 3181 ut
780 3124 992 3181 herous
1046 3120 1308 3179 caeditur
1360 3138 1578 3180 versus,
1671 3121 1803 3180 Hoc
1849 3124 1966 3196 est,
2014 3121 2064 3179 si
2111 3121 2385 3180 diviseris

349 3230 468 3269 non
533 3219 716 3289 μῆνιν
779 3205 938 3268 ἄειδε
1014 3205 1131 3268 θεὰ
1198 3199 1595 3290 ΠηΙληϊάδεω
1664 3203 1954 3289 Ἀχιλῆος,
2028 3209 2133 3268 sed
2199 3218 2385 3287 μῆνιν

348 3296 507 3358 ἄειδε
581 3290 715 3380 θεΙὰ
780 3289 1154 3380 ΠηληϊάΙδεω
1213 3289 1509 3377 Ἀχιλῆος,
1571 3298 1818 3358 habebis
1875 3316 2191 3357 numerum
2249 3299 2385 3358 dac-

350 3384 601 3464 tylicum
661 3406 770 3462 pro
833 3387 1040 3462 heroo,
1104 3385 1221 3444 nisi
1287 3386 1451 3462 quod
1512 3388 1808 3463 spondeus
1873 3387 2039 3446 tertii
2093 3387 2260 3462 pedis
2330 3388 2386 3446 ei

530 3575 582 3641 1)
619 3570 766 3626 Vide
795 3571 1026 3628 Christii
1053 3572 1263 3627 librum
1291 3574 1362 3629 de
1390 3577 1514 3629 arte
1541 3573 1776 3629 metrica
1802 3576 1876 3643 (p.
1910 3578 2028 3627 147.
2062 3578 2163 3627 153
2186 3573 2271 3628 ed.
2292 3574 2381 3644 Π).
