2622 3960
336 167 430 220 LII
1133 164 1566 220 PRAEFATIO.

332 334 531 393 subito
562 334 969 392 narrationem
998 333 1319 409 abrumpit,
1349 336 1411 392 et
1448 332 1658 391 statim
1685 333 1749 390 in
1775 332 2081 408 prooemio
2113 323 2182 413 (3
2215 323 2373 412 sqq.)

333 423 658 482 Hieronem
693 422 931 481 monuit
965 422 1266 498 requirere
1322 441 1560 481 carmen
1596 421 2046 498 intellegentem
2083 424 2145 479 et
2182 423 2378 480 atten-

330 516 468 571 tum
515 511 869 570 auditorem.
888 503 938 592 1)
1011 511 1317 570 'Extrema
1361 513 1534 587 parte
1573 510 1652 568 ad
1686 510 2002 570 victoriam
2040 512 2382 585 equestrem

333 600 734 677 Hieronisque
796 618 893 658 res
956 618 1271 675 prosperas
1336 600 1496 658 redit
1557 601 1850 675 optatque
1914 601 1984 657 ut
2058 599 2377 657 diuturnae

336 692 639 748 maneant.
735 687 988 747 Carmen
1036 689 1277 765 egregia
1325 692 1455 747 arte
1517 688 1914 763 compositum
1966 687 2260 764 rebusque
2319 690 2382 746 et

334 779 531 840 verbis
606 777 922 853 splendens
986 777 1163 836 facile
1225 778 1560 853 principem
1621 778 1819 836 locum
1890 777 2051 834 inter
2121 776 2383 852 epinicia

334 870 527 943 tenet,
593 869 655 925 et
719 869 791 925 ut
843 867 1125 925 vincatur
1179 886 1216 925 a
1268 866 1590 925 Pindarico
1645 865 1907 924 carmine
1963 864 2213 923 eandem
2260 865 2382 925 vic-

335 956 558 1016 toriam
604 954 963 1030 celebrante,
1008 955 1253 1014 minime
1298 959 1503 1014 tamen
1548 955 1811 1030 turpiter
1854 954 2133 1014 vincitur.

514 1045 621 1103 VI.
689 1043 942 1103 Carmen
998 1044 1228 1103 duabus
1285 1044 1547 1119 strophis
1601 1043 1882 1103 brevibus
1947 1047 2227 1102 constans
2288 1043 2380 1101 in-

338 1135 632 1211 scriptum
696 1136 788 1192 est
850 1127 1099 1212 Λοὶχωνι
1162 1132 1322 1217 Κείῳ
1387 1132 1618 1192 σταδιεῖ
1663 1125 1967 1210 Ὀλύμπια.
2061 1131 2385 1207 Comparet

336 1223 632 1282 Lachonis
678 1222 1076 1281 Aristomenis
1115 1222 1155 1279 f.
1195 1214 1277 1304 (v.
1311 1213 1423 1303 12)
1453 1241 1672 1280 nomen
1715 1222 1781 1279 in
1825 1221 2008 1280 titulo
2047 1220 2383 1298 agonistico

347 1311 464 1372 Ceo
513 1331 691 1388 quem
737 1311 816 1369 ad
860 1330 907 1370 c.
952 1311 985 1369 I
1032 1311 1519 1385 commemoravi,
1566 1310 1673 1368 ubi
1717 1309 1809 1368 bis
1856 1309 2099 1368 Nemeis
2146 1308 2385 1369 παίδων

338 1402 551 1462 vicisse
587 1400 853 1460 traditur
891 1392 992 1481 (cf.
1030 1400 1167 1474 VII,
1196 1396 1309 1477 40)
1326 1391 1396 1482 ²).
1488 1400 1671 1458 Recte
1715 1399 1908 1476 igitur
1942 1398 2061 1458 Iac.
2099 1399 2384 1457 Wacker-

339 1492 517 1568 nagel
572 1492 755 1565 atque
801 1489 1301 1548 Wilamowitzius
1314 1533 1329 1563 ,
1395 1507 1531 1547 cum
1584 1507 1883 1563 nusquam
1948 1487 2029 1546 sit
2086 1487 2385 1546 Lachonis

338 1599 556 1639 nomen
599 1579 665 1636 in
710 1578 938 1636 tabulis
994 1595 1302 1636 cursorum
1351 1575 1846 1653 Olympiacorum
1900 1596 2008 1651 per
2052 1576 2387 1635 Eusebium

340 1668 598 1742 traditiS,
647 1665 964 1742 Olympiae
1014 1685 1252 1741 quoque
1298 1665 1535 1725 παίδων
1582 1686 1717 1724 eum
1761 1665 1973 1725 vicisse
2021 1667 2387 1743 statuerunt,

343 1757 415 1816 cf.
454 1756 592 1830 VII,
620 1757 724 1815 46.
763 1755 767 1758 ’
804 1755 1139 1814 Venustate
1176 1757 1240 1813 et
1274 1754 1576 1814 tenuitate
1614 1754 1878 1831 eleganti
1915 1773 2153 1813 carmen
2191 1755 2387 1813 simile

343 1849 435 1905 est
481 1844 737 1904 secundo
783 1844 849 1901 in
893 1843 1152 1919 Argium
1198 1843 1553 1919 composit0,
1614 1842 1835 1919 Ceique
1884 1846 1945 1901 et
1990 1843 2191 1919 ipsum
2250 1862 2386 1902 can—

345 1938 548 1994 tatum
595 1936 687 1992 est
741 1936 881 1991 ante
940 1931 1185 1991 domum
1229 1932 1502 2009 victoriS,
1549 1953 1604 1993 v.
1651 1953 1705 1993 v.
1757 1934 1838 1991 14
1886 1931 2213 2012 προδόμοις
2259 1929 2389 1996 ἀοι·

346 2024 501 2102 δαῖς,
546 2023 651 2082 sed
695 2024 766 2080 ut
810 2022 1050 2081 videtur
1096 2040 1166 2080 eo
1212 2021 1338 2080 iam
1381 2022 1596 2080 reduce
1642 2023 1822 2081 facto.

523 2112 645 2169 VII
714 2108 886 2187 [VH
943 2110 1094 2168 Vm
1147 2106 1247 2186 Κ.]
1266 2156 1281 2185 ,
1338 2114 1417 2194 τῷ
1474 2109 1652 2194 αὐτῷ.
1752 2111 1955 2170 Unum
2010 2112 2102 2168 est
2147 2129 2389 2169 carmen

345 2202 517 2261 cuius
584 2204 647 2259 et
709 2200 955 2258 initium
1016 2199 1305 2258 habemus
1373 2203 1435 2258 et
1490 2203 1816 2258 extremam
1868 2202 2129 2275 partem,
2190 2200 2390 2258 media

347 2293 554 2349 autem
587 2289 784 2365 periit.
857 2288 979 2346 Vix
1013 2291 1174 2347 recte
1203 2289 1364 2347 enim
1390 2288 1720 2347 Britannus
1758 2288 1952 2347 editor
1989 2291 2391 2346 extremorum

347 2379 710 2438 sententiam
754 2378 843 2436 ita
888 2378 1176 2452 restituit,
1221 2380 1294 2436 ut
1339 2380 1484 2437 vota
1532 2376 1879 2454 Olympicae
1925 2376 2213 2436 victoriae
2253 2395 2389 2436 con·

347 2469 689 2544 ciperentur
753 2459 1078 2549 (τέλεσσ[ον
1146 2463 1278 2544 49),
1344 2485 1481 2525 cum
1543 2469 1747 2542 posset
1820 2466 2029 2524 eadem
2090 2465 2389 2525 facilitate

345 2550 609 2637 τέλεσ[ας
655 2556 981 2616 indicativo
1028 2555 1290 2631 reposito
1341 2555 1419 2613 ad
1454 2555 1769 2614 victoriam
1804 2555 1929 2614 iam
1963 2557 2206 2630 partam
2241 2556 2392 2615 haec

346 2647 584 2706 referre.
669 2645 947 2721 Systema
984 2644 1036 2703 si
1070 2644 1189 2702 fuit
1200 2636 1272 2720 3),
1308 2663 1503 2702 unum
1528 2644 1673 2722 fuit,
1720 2644 1824 2703 sed
1859 2643 2034 2704 valde
2069 2644 2289 2721 longae
2330 2647 2392 2703 et

347 2736 628 2811 strophae
675 2737 737 2793 et
782 2734 1026 2810 epoduS,
1071 2752 1260 2809 paene
1297 2733 1362 2789 in
1398 2732 1644 2792 modum
1678 2733 1836 2790 XVI.
1877 2732 2172 2791 carminis.
2237 2731 2391 2792 Cum

347 2824 652 2901 prooemio
673 2822 985 2898 splendido
1000 2821 1394 2897 compelletur
1408 2821 1532 2880 dies
1550 2820 2001 2898 Olympicorum
2017 2821 2302 2880 ludorum
2320 2823 2391 2897 is,

351 2932 471 2988 quo
502 2931 754 2972 coronae
784 2911 1268 2985 decernebantur,
1308 2909 1590 2969 credibile
1621 2914 1712 2969 est
1737 2912 1850 2970 hoc
1878 2910 2122 2986 quidem
2150 2929 2392 2969 carmen

352 2999 668 3077 Olympiae
726 3004 788 3059 et
846 2999 1245 3075 compositum
1300 3002 1362 3057 et
1417 3002 1731 3058 cantatum
1789 3018 1915 3058 esse
1963 2994 2063 3076 (cf.
2112 3000 2191 3057 ad
2235 2991 2389 3081 VI..)

534 3189 586 3256 1)
626 3185 858 3240 Gaudeo
912 3185 1082 3255 plane
1127 3182 1270 3237 mihi
1317 3184 1386 3238 de
1429 3186 1541 3239 hac
1585 3202 1662 3255 re,
1710 3188 1775 3239 ut
1823 3186 1892 3240 de
1937 3185 2196 3255 plurimis
2244 3185 2392 3254 aliis,

354 3258 649 3313 convenire
686 3274 815 3311 cum
842 3256 1042 3311 Carolo
1079 3256 1293 3311 Robert
1330 3260 1397 3325 (v.
1436 3256 1623 3312 Herm.
1666 3263 1822 3326 1898,
1863 3260 2003 3326 152).
2078 3256 2157 3311 Cf.
2199 3260 2393 3311 autem

354 3346 530 3454 323¹}
560 3328 858 3471 Ξιέαἶῖἱῆ·
878 3335 1001 3470 211}
1005 3326 1375 3470 >masin
1379 3330 1591 3470 5323?
1592 3326 2045 3471 πὶἳὲὲῖῗγὲἷῗ
2060 3326 2399 3454 έῖῗέῗὲῗέἶ·

353 3421 565 3596 ρέαηέιίνεοιςγ
603 3443 909 3611 σιτιέιὶι5“ιιέο>;[)ιιι.ν
943 3419 1521 3595 Ξέρθῑεοτίρὶὺᾶἒῧηῦ
1536 3470 1706 3595 ἀξιῶ)
1760 3441 1938 3540 parti:
1996 3420 2116 3525 0562
2168 3420 2393 3540 Ιὲέμεια

386 3561 418 3595 ν
444 3562 558 3596 κων
596 3560 650 3595 οι
679 3585 690 3596 .
914 3584 924 3594 .
963 3556 1134 3610 supra
1169 3558 1222 3609 p.
1500 3558 1533 3595 a
1616 3586 1626 3597 .
