2622 3960
1045 209 1476 265 PRAEFATIO.
2158 210 2281 264 LIII

418 377 572 435 Vm
621 375 796 454 [Ix.].
861 378 1190 437 Autome&
1225 378 1495 438 Phfiasio
1543 378 1649 454 qui
1685 379 2001 455 pentathlo
2037 379 2281 438 Nemeis
2395 362 2398 367 ’

238 467 469 527 vicerat
541 468 831 543 scriptum
908 470 1014 526 est.
1129 467 1460 526 Exordium
1532 468 1795 526 sumitur
1857 487 1894 526 a
1957 468 2281 527 certamine

235 556 605 615 Nemeorum
642 556 717 614 ab
745 556 1008 615 Adrasto
1038 556 1182 615 olim
1225 560 1365 632 post
1400 556 1752 616 Archemori
1787 557 2123 616 infaustum
2155 557 2279 617 obi-

236 648 372 704 tum
418 645 729 720 instituto,
783 645 945 704 unde
1002 645 1170 704 facili
1215 646 1483 705 transitu
1529 645 1608 704 ad
1651 645 2056 705 Automedem
2098 648 2281 722 poeta

235 752 591 811 progressus
648 733 953 793 elaborate
1020 734 1148 793 eius
1213 735 1505 794 virtutem
1574 733 1640 792 in
1711 734 1906 794 tribus
1978 735 2280 811 pentathli

238 822 668 882 certaminibus
717 824 1100 898 conspicuam
1145 823 1428 882 laudibus
1466 823 1866 900 persequitur.
1884 816 1936 904 1)
2019 823 2167 883 Inde
2205 824 2283 882 ad

235 912 504 989 patriam
541 912 785 971 victoris
824 930 1141 971 conversus
1179 912 1421 971 fabulas
1457 913 1680 971 iterum
1718 913 1984 990 attingit,
2011 912 2284 989 Asopum

239 1001 469 1060 scilicet
505 1000 760 1060 fluvium
797 1001 1050 1077 eiusque
1084 1002 1433 1078 progeniem
1466 1001 1968 1077 illustrissimam,
2006 1001 2111 1061 sed
2148 1020 2283 1060 cum

236 1090 375 1148 inde
416 1109 453 1148 a
488 1110 544 1149 v.
583 1090 707 1149 fere
748 1090 829 1148 55
871 1090 1072 1148 omnia
1115 1091 1349 1149 lacunis
1387 1091 1559 1149 foede
1594 1090 1781 1165 hient,
1825 1109 1945 1149 non
1982 1093 2185 1166 potest
2219 1089 2285 1148 id

240 1181 670 1256 argumentum
718 1179 1016 1255 quomodo
1064 1182 1377 1239 exsecutus
1424 1180 1506 1238 sit
1548 1181 1732 1255 poeta
1769 1179 1988 1238 diserte
2032 1179 2282 1238 definiri.

237 1267 500 1327 Videtur
542 1267 773 1326 reditus
818 1268 956 1327 fieri
1001 1269 1079 1326 ad
1113 1269 1464 1327 Phliuntem
1499 1268 1933 1344 victoriamque
1978 1268 2118 1327 inde
2156 1287 2193 1326 a
2228 1289 2284 1327 v.

242 1359 352 1433 663
391 1356 531 1415 dein
567 1357 795 1416 inserta
824 1376 950 1417 esse
980 1357 1256 1434 gnomica
1282 1376 1451 1433 pars3
1496 1356 1714 1415 ultima
1750 1358 1957 1414 autem
1993 1357 2183 1432 epodo
2221 1357 2288 1414 in

236 1446 541 1505 Phliuntis
580 1446 943 1522 victorisque
978 1446 1155 1505 rebus
1193 1465 1403 1505 rursus
1439 1448 1686 1522 poetam
1724 1447 2086 1521 occupatum
2122 1445 2284 1505 vide-

238 1554 392 1594 mus.
489 1533 645 1594 Sunt
693 1535 933 1594 omnino
983 1537 1274 1611 quattuor
1321 1536 1669 1611 systemata,
1710 1554 1741 1592 e
1780 1534 2000 1609 quibus
2048 1534 2288 1611 integra

236 1625 361 1683 fere
408 1624 615 1699 priora
663 1623 795 1682 duo.

416 1713 504 1770 IX
556 1708 684 1789 [Χ].
750 1712 1001 1771 Initium
1055 1712 1335 1771 carminis
1391 1713 1549 1771 male
1603 1711 1883 1770 habitum
1929 1713 2046 1786 est,
2102 1710 2287 1786 periit

239 1802 554 1878 inscriptio
615 1820 885 1877 quoque,
940 1821 1133 1877 neque
1192 1821 1264 1860 ex
1319 1802 1403 1860 eis
1453 1820 1610 1877 quae
1656 1801 1914 1877 legimus
1962 1800 2288 1876 quicquam

239 1892 500 1967 amplius
551 1890 623 1948 de
671 1890 896 1950 victore
943 1893 1249 1967 comparet
1293 1891 1412 1949 nisi
1448 1890 1879 1949 Atheniensem
1917 1909 2055 1947 eum
2099 1889 2286 1947 fuisse

240 2001 310 2039 ex
344 1979 514 2039 tribu
554 1976 831 2039 Oeneide.
850 1971 900 2059 2)
972 1980 1279 2039 Victoriae
1325 1979 1684 2056 praecipuae
1720 1979 1898 2038 binae
1935 1982 2077 2038 sunt
2113 1998 2288 2038 cursu

237 2070 507 2129 Isthmiis
544 2071 776 2145 partae,
815 2070 917 2128 sed
954 2089 1075 2128 non
1103 2073 1264 2128 recte
1295 2069 1528 2128 σταδιεῖ
1555 2068 1924 2144 inscripsisse
1951 2069 2285 2127 Britannus

241 2159 436 2218 editor
489 2158 756 2233 videtur,
813 2177 950 2217 cum
1004 2158 1200 2217 verbis
1256 2161 1471 2233 poe'tae
1537 2159 1649 2217 etsi
1709 2158 2008 2216 lacunosis
2067 2157 2287 2215 dolichi

237 2249 442 2324 potius
476 2246 893 2323 significentur
923 2246 1226 2307 victoriae.
1314 2246 1569 2306 Carmen
1603 2267 1634 2305 e
1670 2246 1900 2305 duobus
1940 2246 2285 2323 systematis

241 2339 524 2396 constans
544 2336 778 2394 nullam
793 2336 978 2395 habet
999 2339 1237 2411 partem
1264 2336 1612 2412 mythicam,
1633 2335 1740 2394 sed
1757 2338 1895 2412 post
1912 2336 2287 2411 prooemium

244 2429 336 2485 est
388 2444 604 2485 cursus
651 2424 921 2483 Isthmici
977 2425 1355 2483 elaboratum
1407 2425 1819 2501 praeconium,
1865 2426 1997 2482 tum
2040 2424 2284 2484 brevius

242 2518 582 2573 ceterarum
599 2513 995 2573 victoriarum
1015 2513 1161 2572 alibi
1179 2517 1521 2589 partarum3
1561 2514 1697 2573 dein
1715 2513 2092 2591 longiuscula
2110 2515 2287 2588 parte

243 2603 619 2662 sententiosa
675 2603 1033 2679 interposita
1084 2603 1253 2663 brevi
1310 2604 1582 2662 clausula
1635 2601 1831 2660 laudis
1889 2604 1950 2660 et
2013 2601 2290 2659 laetitiae

239 2693 459 2752 victori
506 2691 743 2751 debitae
791 2692 1148 2751 admonente
1196 2711 1435 2751 carmen
1480 2692 1856 2750 terminatur.

419 2781 476 2838 X
528 2778 686 2857 [XI].
778 2781 1134 2840 Alexidamo
1189 2780 1432 2840 Phaisci
1477 2781 1518 2838 f.
1565 2779 1984 2855 Metapontino
2047 2797 2286 2853 compo-

243 2871 429 2929 situm
468 2872 562 2928 est
597 2889 853 2946 carmen,
893 2871 997 2946 qui
1034 2870 1193 2929 inter
1227 2888 1448 2946 pueros
1486 2871 1750 2928 luctator
1774 2868 2013 2943 Pythiis
2041 2866 2285 2926 vicerat.

244 2958 536 3036 Splendet
600 2959 928 3034 exordium,
994 2960 1107 3017 etsi
1169 2959 1236 3017 in
1289 2959 1445 3017 libro
1501 2962 1706 3017 nostro
1762 2958 1919 3015 male
1984 2955 2285 3031 habitum3

242 3052 442 3107 cetera
489 3047 614 3105 fere
660 3047 899 3125 integra
945 3052 1186 3107 servata
1231 3051 1389 3123 sunt,
1437 3048 1541 3106 sed
1586 3066 1706 3106 non
1742 3045 1987 3122 perinde
2026 3045 2284 3122 egregia.

240 3136 444 3196 Habet
510 3155 747 3195 carmen
800 3137 922 3198 tria
979 3138 1182 3212 ampla
1227 3139 1586 3212 systemata3
1653 3138 1794 3194 ante
1842 3135 2095 3193 alterum
2144 3153 2286 3209 pars

242 3226 522 3284 fabulosa
576 3225 815 3301 incipit,
873 3245 1026 3302 quae
1081 3245 1191 3301 per
1242 3226 1469 3284 multas
1527 3225 1809 3301 ambages
1866 3226 1927 3282 et
1979 3243 2179 3282 rerum
2225 3225 2293 3281 et

424 3378 477 3445 1)
518 3375 596 3431 Of.
653 3376 721 3430 de
770 3376 1069 3446 pentathlo
1123 3376 1427 3431 Holwerda
1484 3374 1843 3445 Olympische
1899 3373 2137 3429 Studien
2189 3374 2289 3442 111,

245 3445 542 3502 Archaeol.
574 3446 695 3517 Ztg.
730 3453 886 3516 1881,
917 3453 1020 3501 205
1051 3466 1170 3517 sqq.
1321 3451 1376 3519 2)
1406 3446 1568 3512 Quod
1595 3446 1778 3501 tribus
1805 3445 2144 3514 nominatur,
2172 3462 2288 3499 non

240 3535 379 3643 gneius
429 3517 650 3599 aliqua,
700 3521 1014 3574 monstrare
1061 3519 1286 3574 videtur
1332 3536 1400 3573 ex
1436 3517 1776 3588 ignobiliore
1814 3517 1981 3572 domo
2016 3517 2290 3571 victorem

307 3589 415 3644 'sse
454 3589 755 3644 onundum
792 3589 983 3660 (Wil.).
