<?xml version="1.0" encoding="UTF-8"?>
<!DOCTYPE html PUBLIC "-//W3C//DTD XHTML 1.0 Transitional//EN"
    "http://www.w3.org/TR/xhtml1/DTD/xhtml1-transitional.dtd">
<html xmlns="http://www.w3.org/1999/xhtml" xml:lang="en" lang="en">
 <head>
  <title>
</title>
<meta http-equiv="Content-Type" content="text/html;charset=utf-8" />
  <meta name='ocr-system' content='tesseract 3.04.00' />
  <meta name='ocr-capabilities' content='ocr_page ocr_carea ocr_par ocr_line ocrx_word'/>
</head>
<body>
  <div class='ocr_page' id='page_1' title='image "./carminacumfragm00baccgoog_0011.png"; bbox 0 0 2622 3960; ppageno 0'>
   <div class='ocr_carea' id='block_1_1' title="bbox 1057 162 2294 217">
    <p class='ocr_par' dir='ltr' id='par_1_1' title="bbox 1057 162 2294 217">
     <span class='ocr_line' id='line_1_1' title="bbox 1057 162 2294 217; baseline 0.001 -1"><span class='ocrx_word' id='word_1_1' title='bbox 1057 162 1486 217; x_wconf 80' lang='lat' dir='ltr'>PRAEFATIO.</span> <span class='ocrx_word' id='word_1_2' title='bbox 2185 163 2294 217; x_wconf 83' lang='lat' dir='ltr'><strong>VII</strong></span> 
     </span>
    </p>
   </div>
   <div class='ocr_carea' id='block_1_2' title="bbox 243 331 2291 3257">
    <p class='ocr_par' dir='ltr' id='par_1_2' title="bbox 255 331 2290 1033">
     <span class='ocr_line' id='line_1_2' title="bbox 255 331 2290 410; baseline -0 -18"><span class='ocrx_word' id='word_1_3' title='bbox 255 332 454 392; x_wconf 83' lang='lat' dir='ltr'><strong>omnia</strong></span> <span class='ocrx_word' id='word_1_4' title='bbox 501 333 800 409; x_wconf 72' lang='lat' dir='ltr'>quotquot</span> <span class='ocrx_word' id='word_1_5' title='bbox 844 331 1087 389; x_wconf 83' lang='lat' dir='ltr'><strong>fuerunt</strong></span> <span class='ocrx_word' id='word_1_6' title='bbox 1122 332 1465 390; x_wconf 63' lang='lat' dir='ltr'><strong>,carminum</strong></span> <span class='ocrx_word' id='word_1_7' title='bbox 1510 351 1730 410; x_wconf 89' lang='lat' dir='ltr'><strong>genera</strong></span> <span class='ocrx_word' id='word_1_8' title='bbox 1776 332 1998 392; x_wconf 89' lang='lat' dir='ltr'><strong>alicubi</strong></span> <span class='ocrx_word' id='word_1_9' title='bbox 2034 350 2290 392; x_wconf 87' lang='lat' dir='ltr'><strong>comme-</strong></span> 
     </span>
     <span class='ocr_line' id='line_1_3' title="bbox 256 419 2289 497; baseline 0 -18"><span class='ocrx_word' id='word_1_10' title='bbox 256 424 486 481; x_wconf 88' lang='lat' dir='ltr'><strong>morata</strong></span> <span class='ocrx_word' id='word_1_11' title='bbox 524 440 666 480; x_wconf 88' lang='lat' dir='ltr'><strong>esse.</strong></span> <span class='ocrx_word' id='word_1_12' title='bbox 738 419 983 496; x_wconf 83' lang='lat' dir='ltr'><strong>Septem</strong></span> <span class='ocrx_word' id='word_1_13' title='bbox 1019 424 1222 480; x_wconf 89' lang='lat' dir='ltr'><strong>autem</strong></span> <span class='ocrx_word' id='word_1_14' title='bbox 1256 421 1442 480; x_wconf 88' lang='lat' dir='ltr'><strong>libros</strong></span> <span class='ocrx_word' id='word_1_15' title='bbox 1479 421 1532 479; x_wconf 89' lang='lat' dir='ltr'><strong>si</strong></span> <span class='ocrx_word' id='word_1_16' title='bbox 1558 421 1852 497; x_wconf 80' lang='lat' dir='ltr'><strong>ponimuS,</strong></span> <span class='ocrx_word' id='word_1_17' title='bbox 1889 440 2289 497; x_wconf 82' lang='lat' dir='ltr'><strong>versuumque</strong></span> 
     </span>
     <span class='ocr_line' id='line_1_4' title="bbox 257 510 2287 586; baseline 0.001 -19"><span class='ocrx_word' id='word_1_18' title='bbox 257 529 565 569; x_wconf 86' lang='lat' dir='ltr'><strong>numerum</strong></span> <span class='ocrx_word' id='word_1_19' title='bbox 611 510 689 568; x_wconf 91' lang='lat' dir='ltr'><strong>ad</strong></span> <span class='ocrx_word' id='word_1_20' title='bbox 734 513 966 585; x_wconf 89' lang='lat' dir='ltr'><strong>septem</strong></span> <span class='ocrx_word' id='word_1_21' title='bbox 1009 510 1195 585; x_wconf 84' lang='lat' dir='ltr'><strong>milia,</strong></span> <span class='ocrx_word' id='word_1_22' title='bbox 1243 531 1315 568; x_wconf 93' lang='lat' dir='ltr'><strong>ex</strong></span> <span class='ocrx_word' id='word_1_23' title='bbox 1362 510 1574 586; x_wconf 90' lang='lat' dir='ltr'><strong>quibus</strong></span> <span class='ocrx_word' id='word_1_24' title='bbox 1620 511 1786 569; x_wconf 88' lang='lat' dir='ltr'><strong>mille</strong></span> <span class='ocrx_word' id='word_1_25' title='bbox 1833 510 2078 570; x_wconf 80' lang='lat' dir='ltr'><strong>ducenti</strong></span> <span class='ocrx_word' id='word_1_26' title='bbox 2130 530 2287 570; x_wconf 90' lang='lat' dir='ltr'><strong>nunc</strong></span> 
     </span>
     <span class='ocr_line' id='line_1_5' title="bbox 260 599 2289 676; baseline 0.001 -21"><span class='ocrx_word' id='word_1_27' title='bbox 260 599 594 676; x_wconf 84' lang='lat' dir='ltr'><strong>recuperati</strong></span> <span class='ocrx_word' id='word_1_28' title='bbox 638 600 794 674; x_wconf 90' lang='lat' dir='ltr'><strong>sunt,</strong></span> <span class='ocrx_word' id='word_1_29' title='bbox 840 599 999 657; x_wconf 92' lang='lat' dir='ltr'><strong>ratio</strong></span> <span class='ocrx_word' id='word_1_30' title='bbox 1049 601 1139 658; x_wconf 87' lang='lat' dir='ltr'><strong>est</strong></span> <span class='ocrx_word' id='word_1_31' title='bbox 1185 599 1313 657; x_wconf 91' lang='lat' dir='ltr'><strong>eius</strong></span> <span class='ocrx_word' id='word_1_32' title='bbox 1358 600 1591 658; x_wconf 88' lang='lat' dir='ltr'><strong>numeri</strong></span> <span class='ocrx_word' id='word_1_33' title='bbox 1637 600 1715 658; x_wconf 89' lang='lat' dir='ltr'><strong>ad</strong></span> <span class='ocrx_word' id='word_1_34' title='bbox 1769 604 2002 675; x_wconf 81' lang='lat' dir='ltr'><strong>septem</strong></span> <span class='ocrx_word' id='word_1_35' title='bbox 2054 600 2289 658; x_wconf 85' lang='lat' dir='ltr'><strong>milium</strong></span> 
     </span>
     <span class='ocr_line' id='line_1_6' title="bbox 257 688 2290 766; baseline 0 -20"><span class='ocrx_word' id='word_1_36' title='bbox 257 706 548 746; x_wconf 87' lang='lat' dir='ltr'><strong>summam</strong></span> <span class='ocrx_word' id='word_1_37' title='bbox 585 688 707 747; x_wconf 89' lang='lat' dir='ltr'><strong>fere</strong></span> <span class='ocrx_word' id='word_1_38' title='bbox 747 688 971 762; x_wconf 86' lang='lat' dir='ltr'><strong>eadem,</strong></span> <span class='ocrx_word' id='word_1_39' title='bbox 1021 707 1201 763; x_wconf 91' lang='lat' dir='ltr'><strong>quam</strong></span> <span class='ocrx_word' id='word_1_40' title='bbox 1247 689 1516 747; x_wconf 90' lang='lat' dir='ltr'><strong>videmus</strong></span> <span class='ocrx_word' id='word_1_41' title='bbox 1565 709 1770 748; x_wconf 92' lang='lat' dir='ltr'><strong>eorum</strong></span> <span class='ocrx_word' id='word_1_42' title='bbox 1815 689 2290 766; x_wconf 75' lang='lat' dir='ltr'><strong>fragmentorum</strong></span> 
     </span>
     <span class='ocr_line' id='line_1_7' title="bbox 259 776 2289 855; baseline 0 -21"><span class='ocrx_word' id='word_1_43' title='bbox 259 776 526 855; x_wconf 90' lang='lat' dir='ltr'><strong>Bergkii,</strong></span> <span class='ocrx_word' id='word_1_44' title='bbox 594 796 746 853; x_wconf 88' lang='lat' dir='ltr'><strong>quae</strong></span> <span class='ocrx_word' id='word_1_45' title='bbox 810 777 935 834; x_wconf 91' lang='lat' dir='ltr'><strong>iam</strong></span> <span class='ocrx_word' id='word_1_46' title='bbox 991 795 1096 836; x_wconf 90' lang='lat' dir='ltr'><strong>suo</strong></span> <span class='ocrx_word' id='word_1_47' title='bbox 1153 778 1284 836; x_wconf 93' lang='lat' dir='ltr'><strong>loco</strong></span> <span class='ocrx_word' id='word_1_48' title='bbox 1341 777 1587 837; x_wconf 83' lang='lat' dir='ltr'><strong>inventa</strong></span> <span class='ocrx_word' id='word_1_49' title='bbox 1650 778 1815 854; x_wconf 87' lang='lat' dir='ltr'><strong>sunt,</strong></span> <span class='ocrx_word' id='word_1_50' title='bbox 1882 778 1959 835; x_wconf 88' lang='lat' dir='ltr'><strong>ad</strong></span> <span class='ocrx_word' id='word_1_51' title='bbox 2024 778 2289 838; x_wconf 79' lang='lat' dir='ltr'><strong>omnium</strong></span> 
     </span>
     <span class='ocr_line' id='line_1_8' title="bbox 256 865 2288 944; baseline 0 -21"><span class='ocrx_word' id='word_1_52' title='bbox 256 866 726 943; x_wconf 79' lang='lat' dir='ltr'><strong>fragmentorum</strong></span> <span class='ocrx_word' id='word_1_53' title='bbox 754 884 1061 923; x_wconf 87' lang='lat' dir='ltr'><strong>summam.</strong></span> <span class='ocrx_word' id='word_1_54' title='bbox 1126 865 1392 926; x_wconf 86' lang='lat' dir='ltr'><strong>Numero</strong></span> <span class='ocrx_word' id='word_1_55' title='bbox 1422 867 1578 924; x_wconf 90' lang='lat' dir='ltr'><strong>enim</strong></span> <span class='ocrx_word' id='word_1_56' title='bbox 1606 868 1704 925; x_wconf 94' lang='lat' dir='ltr'><strong>vel</strong></span> <span class='ocrx_word' id='word_1_57' title='bbox 1730 867 2045 944; x_wconf 81' lang='lat' dir='ltr'><strong>sexaginta</strong></span> <span class='ocrx_word' id='word_1_58' title='bbox 2073 886 2288 926; x_wconf 91' lang='lat' dir='ltr'><strong>novem</strong></span> 
     </span>
     <span class='ocr_line' id='line_1_9' title="bbox 256 955 2285 1033; baseline 0 -20"><span class='ocrx_word' id='word_1_59' title='bbox 256 955 353 1013; x_wconf 91' lang='lat' dir='ltr'><strong>vel</strong></span> <span class='ocrx_word' id='word_1_60' title='bbox 402 955 715 1033; x_wconf 82' lang='lat' dir='ltr'><strong>sexaginta</strong></span> <span class='ocrx_word' id='word_1_61' title='bbox 771 957 1024 1030; x_wconf 88' lang='lat' dir='ltr'><strong>septem,</strong></span> <span class='ocrx_word' id='word_1_62' title='bbox 1087 974 1117 1013; x_wconf 89' lang='lat' dir='ltr'><strong>e</strong></span> <span class='ocrx_word' id='word_1_63' title='bbox 1166 955 1380 1030; x_wconf 89' lang='lat' dir='ltr'><strong>quibus</strong></span> <span class='ocrx_word' id='word_1_64' title='bbox 1438 959 1900 1031; x_wconf 90' lang='lat' dir='ltr'><strong>comparuerunt</strong></span> <span class='ocrx_word' id='word_1_65' title='bbox 1958 956 2285 1016; x_wconf 81' lang='lat' dir='ltr'><strong>duodecim.</strong></span> 
     </span>
    </p>

    <p class='ocr_par' dir='ltr' id='par_1_3' title="bbox 243 1044 2291 3257">
     <span class='ocr_line' id='line_1_10' title="bbox 430 1044 2286 1123; baseline 0.002 -22"><span class='ocrx_word' id='word_1_66' title='bbox 430 1044 529 1102; x_wconf 91' lang='lat' dir='ltr'><strong>Ad</strong></span> <span class='ocrx_word' id='word_1_67' title='bbox 572 1044 794 1102; x_wconf 89' lang='lat' dir='ltr'><strong>librum</strong></span> <span class='ocrx_word' id='word_1_68' title='bbox 838 1045 1111 1103; x_wconf 90' lang='lat' dir='ltr'><strong>nostrum</strong></span> <span class='ocrx_word' id='word_1_69' title='bbox 1155 1046 1553 1118; x_wconf 81' lang='lat' dir='ltr'><strong>revertamur3</strong></span> <span class='ocrx_word' id='word_1_70' title='bbox 1608 1045 1815 1104; x_wconf 80' lang='lat' dir='ltr'><strong>licebit</strong></span> <span class='ocrx_word' id='word_1_71' title='bbox 1870 1044 2029 1103; x_wconf 84' lang='lat' dir='ltr'><strong>enim</strong></span> <span class='ocrx_word' id='word_1_72' title='bbox 2084 1045 2286 1123; x_wconf 86' lang='lat' dir='ltr'><strong>singu-</strong></span> 
     </span>
     <span class='ocr_line' id='line_1_11' title="bbox 256 1132 2287 1212; baseline 0.001 -23"><span class='ocrx_word' id='word_1_73' title='bbox 256 1132 375 1189; x_wconf 83' lang='lat' dir='ltr'><strong>lari</strong></span> <span class='ocrx_word' id='word_1_74' title='bbox 419 1152 661 1192; x_wconf 90' lang='lat' dir='ltr'><strong>numero</strong></span> <span class='ocrx_word' id='word_1_75' title='bbox 708 1133 817 1208; x_wconf 91' lang='lat' dir='ltr'><strong>uti,</strong></span> <span class='ocrx_word' id='word_1_76' title='bbox 865 1133 1138 1208; x_wconf 88' lang='lat' dir='ltr'><strong>quamvis</strong></span> <span class='ocrx_word' id='word_1_77' title='bbox 1187 1133 1303 1192; x_wconf 92' lang='lat' dir='ltr'><strong>duo</strong></span> <span class='ocrx_word' id='word_1_78' title='bbox 1350 1134 1657 1192; x_wconf 86' lang='lat' dir='ltr'><strong>volumina</strong></span> <span class='ocrx_word' id='word_1_79' title='bbox 1695 1134 1933 1192; x_wconf 80' lang='lat' dir='ltr'><strong>fuerint.</strong></span> <span class='ocrx_word' id='word_1_80' title='bbox 2027 1135 2287 1212; x_wconf 85' lang='lat' dir='ltr'><strong>Elegan—</strong></span> 
     </span>
     <span class='ocr_line' id='line_1_12' title="bbox 254 1221 2288 1299; baseline 0.002 -21"><span class='ocrx_word' id='word_1_81' title='bbox 254 1221 480 1280; x_wconf 87' lang='lat' dir='ltr'><strong>tissime</strong></span> <span class='ocrx_word' id='word_1_82' title='bbox 528 1226 590 1281; x_wconf 90' lang='lat' dir='ltr'><strong>et</strong></span> <span class='ocrx_word' id='word_1_83' title='bbox 633 1222 1100 1281; x_wconf 76' lang='lat' dir='ltr'><strong>luculentissime</strong></span> <span class='ocrx_word' id='word_1_84' title='bbox 1137 1222 1394 1298; x_wconf 90' lang='lat' dir='ltr'><strong>scriptus</strong></span> <span class='ocrx_word' id='word_1_85' title='bbox 1434 1226 1524 1280; x_wconf 92' lang='lat' dir='ltr'><strong>est</strong></span> <span class='ocrx_word' id='word_1_86' title='bbox 1561 1223 1635 1280; x_wconf 91' lang='lat' dir='ltr'><strong>ab</strong></span> <span class='ocrx_word' id='word_1_87' title='bbox 1674 1242 1794 1281; x_wconf 90' lang='lat' dir='ltr'><strong>una</strong></span> <span class='ocrx_word' id='word_1_88' title='bbox 1829 1242 2032 1299; x_wconf 86' lang='lat' dir='ltr'><strong>manu,</strong></span> <span class='ocrx_word' id='word_1_89' title='bbox 2064 1224 2288 1282; x_wconf 87' lang='lat' dir='ltr'><strong>litteris</strong></span> 
     </span>
     <span class='ocr_line' id='line_1_13' title="bbox 253 1310 2291 1388; baseline 0.001 -20"><span class='ocrx_word' id='word_1_90' title='bbox 253 1311 514 1388; x_wconf 89' lang='lat' dir='ltr'><strong>magnis,</strong></span> <span class='ocrx_word' id='word_1_91' title='bbox 577 1311 720 1369; x_wconf 87' lang='lat' dir='ltr'><strong>latis</strong></span> <span class='ocrx_word' id='word_1_92' title='bbox 781 1310 1046 1388; x_wconf 85' lang='lat' dir='ltr'><strong>paginiS,</strong></span> <span class='ocrx_word' id='word_1_93' title='bbox 1120 1311 1184 1368; x_wconf 88' lang='lat' dir='ltr'><strong>in</strong></span> <span class='ocrx_word' id='word_1_94' title='bbox 1249 1311 1464 1386; x_wconf 82' lang='lat' dir='ltr'><strong>quibus</strong></span> <span class='ocrx_word' id='word_1_95' title='bbox 1529 1311 1779 1388; x_wconf 89' lang='lat' dir='ltr'><strong>singulis</strong></span> <span class='ocrx_word' id='word_1_96' title='bbox 1843 1312 2058 1370; x_wconf 89' lang='lat' dir='ltr'><strong>triceni</strong></span> <span class='ocrx_word' id='word_1_97' title='bbox 2119 1313 2291 1388; x_wconf 81' lang='lat' dir='ltr'><strong>quini</strong></span> 
     </span>
     <span class='ocr_line' id='line_1_14' title="bbox 257 1399 2288 1477; baseline 0.002 -21"><span class='ocrx_word' id='word_1_98' title='bbox 257 1400 606 1474; x_wconf 83' lang='lat' dir='ltr'><strong>quaternive</strong></span> <span class='ocrx_word' id='word_1_99' title='bbox 661 1418 867 1459; x_wconf 90' lang='lat' dir='ltr'><strong>versus</strong></span> <span class='ocrx_word' id='word_1_100' title='bbox 923 1416 1048 1477; x_wconf 79' lang='lat' dir='ltr'><strong>esse</strong></span> <span class='ocrx_word' id='word_1_101' title='bbox 1105 1399 1323 1475; x_wconf 90' lang='lat' dir='ltr'><strong>solent,</strong></span> <span class='ocrx_word' id='word_1_102' title='bbox 1381 1399 1484 1457; x_wconf 88' lang='lat' dir='ltr'><strong>sed</strong></span> <span class='ocrx_word' id='word_1_103' title='bbox 1537 1419 1845 1476; x_wconf 91' lang='lat' dir='ltr'><strong>nunquam</strong></span> <span class='ocrx_word' id='word_1_104' title='bbox 1903 1401 2099 1460; x_wconf 93' lang='lat' dir='ltr'><strong>minus</strong></span> <span class='ocrx_word' id='word_1_105' title='bbox 2147 1406 2288 1460; x_wconf 91' lang='lat' dir='ltr'><strong>sunt</strong></span> 
     </span>
     <span class='ocr_line' id='line_1_15' title="bbox 253 1488 2289 1565; baseline 0.001 -19"><span class='ocrx_word' id='word_1_106' title='bbox 253 1488 508 1565; x_wconf 85' lang='lat' dir='ltr'>XXXH,</span> <span class='ocrx_word' id='word_1_107' title='bbox 562 1508 755 1564; x_wconf 85' lang='lat' dir='ltr'><strong>neque</strong></span> <span class='ocrx_word' id='word_1_108' title='bbox 809 1490 946 1565; x_wconf 87' lang='lat' dir='ltr'><strong>plus</strong></span> <span class='ocrx_word' id='word_1_109' title='bbox 999 1489 1269 1546; x_wconf 88' lang='lat' dir='ltr'>XXXVI.</span> <span class='ocrx_word' id='word_1_110' title='bbox 1361 1488 1547 1548; x_wconf 88' lang='lat' dir='ltr'><strong>Aetas</strong></span> <span class='ocrx_word' id='word_1_111' title='bbox 1605 1507 1730 1548; x_wconf 87' lang='lat' dir='ltr'><strong>esse</strong></span> <span class='ocrx_word' id='word_1_112' title='bbox 1785 1488 2024 1548; x_wconf 87' lang='lat' dir='ltr'><strong>videtur</strong></span> <span class='ocrx_word' id='word_1_113' title='bbox 2070 1489 2289 1549; x_wconf 86' lang='lat' dir='ltr'><strong>editori</strong></span> 
     </span>
     <span class='ocr_line' id='line_1_16' title="bbox 250 1576 2288 1654; baseline 0 -19"><span class='ocrx_word' id='word_1_114' title='bbox 250 1577 546 1638; x_wconf 86' lang='lat' dir='ltr'><strong>Britanno</strong></span> <span class='ocrx_word' id='word_1_115' title='bbox 576 1581 840 1636; x_wconf 89' lang='lat' dir='ltr'><strong>extrema</strong></span> <span class='ocrx_word' id='word_1_116' title='bbox 867 1577 1255 1653; x_wconf 90' lang='lat' dir='ltr'><strong>Ptolemaica,</strong></span> <span class='ocrx_word' id='word_1_117' title='bbox 1284 1577 1440 1637; x_wconf 91' lang='lat' dir='ltr'><strong>circa</strong></span> <span class='ocrx_word' id='word_1_118' title='bbox 1480 1596 1703 1636; x_wconf 92' lang='lat' dir='ltr'><strong>annum</strong></span> <span class='ocrx_word' id='word_1_119' title='bbox 1734 1577 1783 1635; x_wconf 91' lang='lat' dir='ltr'>L</span> <span class='ocrx_word' id='word_1_120' title='bbox 1822 1597 1875 1636; x_wconf 88' lang='lat' dir='ltr'><strong>a.</strong></span> <span class='ocrx_word' id='word_1_121' title='bbox 1917 1576 2077 1637; x_wconf 59' lang='lat' dir='ltr'><strong>Chr:</strong></span> <span class='ocrx_word' id='word_1_122' title='bbox 2127 1579 2288 1654; x_wconf 91' lang='lat' dir='ltr'><strong>quod</strong></span> 
     </span>
     <span class='ocr_line' id='line_1_17' title="bbox 248 1663 2286 1743; baseline 0 -19"><span class='ocrx_word' id='word_1_123' title='bbox 248 1666 539 1726; x_wconf 89' lang='lat' dir='ltr'><strong>iudicium</strong></span> <span class='ocrx_word' id='word_1_124' title='bbox 573 1667 791 1725; x_wconf 85' lang='lat' dir='ltr'><strong>nititur</strong></span> <span class='ocrx_word' id='word_1_125' title='bbox 817 1667 1074 1724; x_wconf 85' lang='lat' dir='ltr'><strong>maxime</strong></span> <span class='ocrx_word' id='word_1_126' title='bbox 1111 1663 1168 1731; x_wconf 82' lang='grc' dir='ltr'><em>Ξ</em></span> <span class='ocrx_word' id='word_1_127' title='bbox 1193 1667 1435 1725; x_wconf 89' lang='lat' dir='ltr'><strong>litterae</strong></span> <span class='ocrx_word' id='word_1_128' title='bbox 1474 1668 1682 1743; x_wconf 90' lang='lat' dir='ltr'><strong>forma,</strong></span> <span class='ocrx_word' id='word_1_129' title='bbox 1722 1687 1794 1725; x_wconf 91' lang='lat' dir='ltr'><strong>ex</strong></span> <span class='ocrx_word' id='word_1_130' title='bbox 1830 1667 2057 1726; x_wconf 86' lang='lat' dir='ltr'><strong>duobus</strong></span> <span class='ocrx_word' id='word_1_131' title='bbox 2095 1667 2286 1727; x_wconf 82' lang='lat' dir='ltr'><strong>ducti-</strong></span> 
     </span>
     <span class='ocr_line' id='line_1_18' title="bbox 252 1755 2285 1831; baseline 0.002 -19"><span class='ocrx_word' id='word_1_132' title='bbox 252 1755 364 1813; x_wconf 89' lang='lat' dir='ltr'><strong>bus</strong></span> <span class='ocrx_word' id='word_1_133' title='bbox 417 1756 773 1815; x_wconf 86' lang='lat' dir='ltr'><strong>transversis</strong></span> <span class='ocrx_word' id='word_1_134' title='bbox 828 1759 1170 1831; x_wconf 89' lang='lat' dir='ltr'><strong>punctoque</strong></span> <span class='ocrx_word' id='word_1_135' title='bbox 1225 1755 1421 1814; x_wconf 87' lang='lat' dir='ltr'><strong>medio</strong></span> <span class='ocrx_word' id='word_1_136' title='bbox 1478 1759 1807 1816; x_wconf 89' lang='lat' dir='ltr'><strong>constante.</strong></span> <span class='ocrx_word' id='word_1_137' title='bbox 1909 1755 2026 1815; x_wconf 82' lang='lat' dir='ltr'><strong>Sed</strong></span> <span class='ocrx_word' id='word_1_138' title='bbox 2084 1758 2285 1818; x_wconf 90' lang='lat' dir='ltr'><strong>nescio</strong></span> 
     </span>
     <span class='ocr_line' id='line_1_19' title="bbox 255 1844 2286 1922; baseline 0.001 -21"><span class='ocrx_word' id='word_1_139' title='bbox 255 1862 337 1901; x_wconf 89' lang='lat' dir='ltr'><strong>an</strong></span> <span class='ocrx_word' id='word_1_140' title='bbox 385 1845 880 1922; x_wconf 85' lang='lat' dir='ltr'><strong>orthographicae</strong></span> <span class='ocrx_word' id='word_1_141' title='bbox 926 1845 1191 1904; x_wconf 86' lang='lat' dir='ltr'><strong>rationes</strong></span> <span class='ocrx_word' id='word_1_142' title='bbox 1226 1844 1630 1904; x_wconf 86' lang='lat' dir='ltr'><strong>Ptolemaieae</strong></span> <span class='ocrx_word' id='word_1_143' title='bbox 1669 1845 1859 1905; x_wconf 89' lang='lat' dir='ltr'><strong>aetati</strong></span> <span class='ocrx_word' id='word_1_144' title='bbox 1895 1865 2111 1921; x_wconf 90' lang='lat' dir='ltr'><strong>parum</strong></span> <span class='ocrx_word' id='word_1_145' title='bbox 2149 1865 2286 1906; x_wconf 88' lang='lat' dir='ltr'><strong>con-</strong></span> 
     </span>
     <span class='ocr_line' id='line_1_20' title="bbox 248 1929 2286 2013; baseline 0.001 -20"><span class='ocrx_word' id='word_1_146' title='bbox 248 1933 523 2010; x_wconf 88' lang='lat' dir='ltr'><strong>veniant,</strong></span> <span class='ocrx_word' id='word_1_147' title='bbox 582 1953 735 2010; x_wconf 90' lang='lat' dir='ltr'><strong>quae</strong></span> <span class='ocrx_word' id='word_1_148' title='bbox 783 1937 922 1993; x_wconf 89' lang='lat' dir='ltr'><strong>sunt</strong></span> <span class='ocrx_word' id='word_1_149' title='bbox 966 1934 1089 1993; x_wconf 87' lang='lat' dir='ltr'><strong>fere</strong></span> <span class='ocrx_word' id='word_1_150' title='bbox 1141 1929 1353 2012; x_wconf 90' lang='lat' dir='ltr'><strong>(etiam</strong></span> <span class='ocrx_word' id='word_1_151' title='bbox 1398 1935 1592 2013; x_wconf 89' lang='lat' dir='ltr'><strong>magis</strong></span> <span class='ocrx_word' id='word_1_152' title='bbox 1653 1937 2078 2012; x_wconf 88' lang='lat' dir='ltr'><strong>correctorum,</strong></span> <span class='ocrx_word' id='word_1_153' title='bbox 2137 1955 2286 2012; x_wconf 91' lang='lat' dir='ltr'><strong>quos</strong></span> 
     </span>
     <span class='ocr_line' id='line_1_21' title="bbox 251 2020 2283 2107; baseline 0.002 -26"><span class='ocrx_word' id='word_1_154' title='bbox 251 2027 717 2083; x_wconf 74' lang='lat' dir='ltr'><strong>consentaneum</strong></span> <span class='ocrx_word' id='word_1_155' title='bbox 773 2026 862 2082; x_wconf 89' lang='lat' dir='ltr'><strong>est</strong></span> <span class='ocrx_word' id='word_1_156' title='bbox 909 2024 1221 2099; x_wconf 86' lang='lat' dir='ltr'><strong>aliquanto</strong></span> <span class='ocrx_word' id='word_1_157' title='bbox 1267 2027 1407 2100; x_wconf 92' lang='lat' dir='ltr'><strong>post</strong></span> <span class='ocrx_word' id='word_1_158' title='bbox 1444 2042 1551 2082; x_wconf 90' lang='lat' dir='ltr'><strong>sua</strong></span> <span class='ocrx_word' id='word_1_159' title='bbox 1596 2024 1662 2082; x_wconf 90' lang='lat' dir='ltr'><strong>in</strong></span> <span class='ocrx_word' id='word_1_160' title='bbox 1706 2025 1926 2083; x_wconf 90' lang='lat' dir='ltr'><strong>librum</strong></span> <span class='ocrx_word' id='word_1_161' title='bbox 1979 2020 2283 2107; x_wconf 87' lang='lat' dir='ltr'><strong>intulisse)</strong></span> 
     </span>
     <span class='ocr_line' id='line_1_22' title="bbox 249 2109 2284 2196; baseline 0.002 -27"><span class='ocrx_word' id='word_1_162' title='bbox 249 2113 330 2170; x_wconf 90' lang='lat' dir='ltr'><strong>ad</strong></span> <span class='ocrx_word' id='word_1_163' title='bbox 358 2130 596 2172; x_wconf 90' lang='lat' dir='ltr'><strong>normas</strong></span> <span class='ocrx_word' id='word_1_164' title='bbox 626 2131 662 2170; x_wconf 91' lang='lat' dir='ltr'><strong>a</strong></span> <span class='ocrx_word' id='word_1_165' title='bbox 690 2113 1098 2190; x_wconf 88' lang='lat' dir='ltr'><strong>grammaticis</strong></span> <span class='ocrx_word' id='word_1_166' title='bbox 1128 2112 1233 2187; x_wconf 89' lang='lat' dir='ltr'><strong>qui</strong></span> <span class='ocrx_word' id='word_1_167' title='bbox 1259 2115 1399 2188; x_wconf 91' lang='lat' dir='ltr'><strong>post</strong></span> <span class='ocrx_word' id='word_1_168' title='bbox 1428 2113 1561 2171; x_wconf 83' lang='lat' dir='ltr'><strong>Chr.</strong></span> <span class='ocrx_word' id='word_1_169' title='bbox 1592 2134 1647 2171; x_wconf 92' lang='lat' dir='ltr'><strong>n.</strong></span> <span class='ocrx_word' id='word_1_170' title='bbox 1678 2114 1920 2172; x_wconf 83' lang='lat' dir='ltr'><strong>fuerunt</strong></span> <span class='ocrx_word' id='word_1_171' title='bbox 1957 2118 2216 2173; x_wconf 81' lang='lat' dir='ltr'><strong>exactae.</strong></span> <span class='ocrx_word' id='word_1_172' title='bbox 2232 2109 2284 2196; x_wconf 89' lang='grc'><strong>1)</strong></span> 
     </span>
     <span class='ocr_line' id='line_1_23' title="bbox 248 2201 2289 2305; baseline 0.002 -46"><span class='ocrx_word' id='word_1_173' title='bbox 248 2201 390 2261; x_wconf 85' lang='lat' dir='ltr'><strong>Non</strong></span> <span class='ocrx_word' id='word_1_174' title='bbox 427 2202 622 2261; x_wconf 89' lang='lat' dir='ltr'><strong>solent</strong></span> <span class='ocrx_word' id='word_1_175' title='bbox 659 2201 941 2260; x_wconf 84' lang='lat' dir='ltr'><strong>confundi</strong></span> <span class='ocrx_word' id='word_1_176' title='bbox 976 2202 1136 2260; x_wconf 86' lang='lat' dir='ltr'><strong>inter</strong></span> <span class='ocrx_word' id='word_1_177' title='bbox 1173 2221 1235 2260; x_wconf 90' lang='lat' dir='ltr'><strong>se</strong></span> <span class='ocrx_word' id='word_1_178' title='bbox 1280 2202 1313 2259; x_wconf 94' lang='lat' dir='ltr'>I</span> <span class='ocrx_word' id='word_1_179' title='bbox 1359 2204 1420 2260; x_wconf 92' lang='lat' dir='ltr'><strong>et</strong></span> <span class='ocrx_word' id='word_1_180' title='bbox 1456 2202 1557 2277; x_wconf 84' lang='lat' dir='ltr'>EI,</span> <span class='ocrx_word' id='word_1_181' title='bbox 1603 2202 1721 2261; x_wconf 89' lang='lat' dir='ltr'><strong>nisi</strong></span> <span class='ocrx_word' id='word_1_182' title='bbox 1765 2203 1870 2261; x_wconf 92' lang='lat' dir='ltr'><strong>ubi</strong></span> <span class='ocrx_word' id='word_1_183' title='bbox 1906 2205 2289 2305; x_wconf 84' lang='lat' dir='ltr'><strong>grammatici</strong></span> 
     </span>
     <span class='ocr_line' id='line_1_24' title="bbox 246 2289 2286 2371; baseline 0.002 -23"><span class='ocrx_word' id='word_1_184' title='bbox 246 2289 371 2366; x_wconf 88' lang='lat' dir='ltr'><strong>ipsi</strong></span> <span class='ocrx_word' id='word_1_185' title='bbox 429 2309 744 2366; x_wconf 85' lang='lat' dir='ltr'><strong>perperam</strong></span> <span class='ocrx_word' id='word_1_186' title='bbox 799 2290 1211 2349; x_wconf 88' lang='lat' dir='ltr'><strong>decreverunt:</strong></span> <span class='ocrx_word' id='word_1_187' title='bbox 1277 2295 1573 2369; x_wconf 81' lang='grc' dir='ltr'><strong><em>μιχθεῖσα,</em></strong></span> <span class='ocrx_word' id='word_1_188' title='bbox 1629 2291 2014 2371; x_wconf 72' lang='grc' dir='ltr'><strong><em>οἰκτείραντας</em></strong></span> <span class='ocrx_word' id='word_1_189' title='bbox 2077 2293 2143 2351; x_wconf 88' lang='lat' dir='ltr'><strong>in</strong></span> <span class='ocrx_word' id='word_1_190' title='bbox 2195 2294 2286 2352; x_wconf 88' lang='lat' dir='ltr'><strong>in-</strong></span> 
     </span>
     <span class='ocr_line' id='line_1_25' title="bbox 250 2379 2286 2456; baseline 0.002 -19"><span class='ocrx_word' id='word_1_191' title='bbox 250 2380 676 2455; x_wconf 89' lang='lat' dir='ltr'><strong>scriptionibus</strong></span> <span class='ocrx_word' id='word_1_192' title='bbox 706 2379 1038 2438; x_wconf 85' lang='lat' dir='ltr'><strong>carminum</strong></span> <span class='ocrx_word' id='word_1_193' title='bbox 1064 2398 1101 2437; x_wconf 87' lang='lat' dir='ltr'><strong>a</strong></span> <span class='ocrx_word' id='word_1_194' title='bbox 1126 2379 1559 2439; x_wconf 87' lang='lat' dir='ltr'><strong>correctoribus</strong></span> <span class='ocrx_word' id='word_1_195' title='bbox 1587 2380 1872 2456; x_wconf 86' lang='lat' dir='ltr'><strong>profectis</strong></span> <span class='ocrx_word' id='word_1_196' title='bbox 1899 2381 2082 2440; x_wconf 88' lang='lat' dir='ltr'><strong>etiam</strong></span> <span class='ocrx_word' id='word_1_197' title='bbox 2114 2381 2286 2441; x_wconf 89' lang='grc' dir='ltr'><strong><em>Τισία</em></strong></span> 
     </span>
     <span class='ocr_line' id='line_1_26' title="bbox 252 2443 2281 2553; baseline 0.001 -27"><span class='ocrx_word' id='word_1_198' title='bbox 252 2472 317 2527; x_wconf 87' lang='lat' dir='ltr'><strong>et</strong></span> <span class='ocrx_word' id='word_1_199' title='bbox 369 2468 629 2553; x_wconf 78' lang='grc' dir='ltr'><strong><em>Φλιασίῳ</em></strong></span> <span class='ocrx_word' id='word_1_200' title='bbox 686 2461 782 2550; x_wconf 88' lang='lat' dir='ltr'><strong>(at</strong></span> <span class='ocrx_word' id='word_1_201' title='bbox 831 2470 1160 2528; x_wconf 81' lang='grc' dir='ltr'><strong><em>Φλειοῦντα</em></strong></span> <span class='ocrx_word' id='word_1_202' title='bbox 1213 2467 1279 2526; x_wconf 87' lang='lat' dir='ltr'><strong>in</strong></span> <span class='ocrx_word' id='word_1_203' title='bbox 1333 2469 1594 2528; x_wconf 89' lang='lat' dir='ltr'><strong>carmine</strong></span> <span class='ocrx_word' id='word_1_204' title='bbox 1639 2461 1820 2550; x_wconf 88' lang='lat' dir='ltr'><strong>ipso).</strong></span> <span class='ocrx_word' id='word_1_205' title='bbox 1898 2469 2219 2532; x_wconf 83' lang='lat' dir='ltr'><strong>Praeterea</strong></span> <span class='ocrx_word' id='word_1_206' title='bbox 2232 2443 2281 2548; x_wconf 73' lang='lat'><strong>2)</strong></span> 
     </span>
     <span class='ocr_line' id='line_1_27' title="bbox 259 2549 2288 2639; baseline 0.001 -23"><span class='ocrx_word' id='word_1_207' title='bbox 259 2555 616 2636; x_wconf 82' lang='grc' dir='ltr'><strong><em>Φερένεικος</em></strong></span> <span class='ocrx_word' id='word_1_208' title='bbox 638 2560 729 2616; x_wconf 85' lang='lat' dir='ltr'><strong>est</strong></span> <span class='ocrx_word' id='word_1_209' title='bbox 755 2558 828 2633; x_wconf 88' lang='lat' dir='ltr'><strong>V,</strong></span> <span class='ocrx_word' id='word_1_210' title='bbox 854 2559 980 2616; x_wconf 88' lang='lat'><strong>184</strong></span> <span class='ocrx_word' id='word_1_211' title='bbox 1012 2549 1067 2638; x_wconf 91' lang='lat'><strong>(-</strong></span> <span class='ocrx_word' id='word_1_212' title='bbox 1040 2579 1243 2617; x_wconf 83' lang='grc' dir='ltr'><strong><em>-νικον</em></strong></span> <span class='ocrx_word' id='word_1_213' title='bbox 1284 2551 1415 2638; x_wconf 83' lang='grc'>37),</span> <span class='ocrx_word' id='word_1_214' title='bbox 1435 2554 1632 2636; x_wconf 83' lang='grc' dir='ltr'><strong><em>ἐκείνη</em></strong></span> <span class='ocrx_word' id='word_1_215' title='bbox 1636 2558 1858 2634; x_wconf 89' lang='grc' dir='ltr'><strong><em>σενΙΧ,</em></strong></span> <span class='ocrx_word' id='word_1_216' title='bbox 1882 2562 1982 2634; x_wconf 91' lang='grc'>10,</span> <span class='ocrx_word' id='word_1_217' title='bbox 2002 2558 2288 2639; x_wconf 84' lang='grc' dir='ltr'><strong><em>Ανγείνας</em></strong></span> 
     </span>
     <span class='ocr_line' id='line_1_28' title="bbox 248 2581 2290 2728; baseline 0.001 -24"><span class='ocrx_word' id='word_1_218' title='bbox 248 2646 355 2721; x_wconf 85' lang='lat' dir='ltr'><strong>XI,</strong></span> <span class='ocrx_word' id='word_1_219' title='bbox 396 2648 453 2721; x_wconf 83' lang='lat'><strong>6,</strong></span> <span class='ocrx_word' id='word_1_220' title='bbox 492 2642 771 2725; x_wconf 82' lang='grc' dir='ltr'><strong><em>ὠρείνατο</em></strong></span> <span class='ocrx_word' id='word_1_221' title='bbox 818 2647 950 2722; x_wconf 87' lang='lat' dir='ltr'>XII,</span> <span class='ocrx_word' id='word_1_222' title='bbox 986 2649 1129 2722; x_wconf 83' lang='lat'>112,</span> <span class='ocrx_word' id='word_1_223' title='bbox 1174 2646 1445 2725; x_wconf 80' lang='grc' dir='ltr'><strong><em>ὃεινῆντο</em></strong></span> <span class='ocrx_word' id='word_1_224' title='bbox 1494 2581 1632 2728; x_wconf 55' lang='lat' dir='ltr'><strong>(pun</strong></span> <span class='ocrx_word' id='word_1_225' title='bbox 1648 2639 1755 2728; x_wconf 87' lang='lat' dir='ltr'><strong>m)</strong></span> <span class='ocrx_word' id='word_1_226' title='bbox 1803 2648 1961 2723; x_wconf 91' lang='lat' dir='ltr'>XVI,</span> <span class='ocrx_word' id='word_1_227' title='bbox 1996 2650 2118 2708; x_wconf 86' lang='lat'><strong>107</strong></span> <span class='ocrx_word' id='word_1_228' title='bbox 2157 2645 2290 2726; x_wconf 84' lang='lat' dir='ltr'><strong>(sed</strong></span> 
     </span>
     <span class='ocr_line' id='line_1_29' title="bbox 249 2731 2284 2816; baseline 0.001 -23"><span class='ocrx_word' id='word_1_229' title='bbox 249 2734 495 2794; x_wconf 79' lang='grc' dir='ltr'><strong><em>δίνασεν</em></strong></span> <span class='ocrx_word' id='word_1_230' title='bbox 531 2735 649 2793; x_wconf 88' lang='lat' dir='ltr'><strong>ibd.</strong></span> <span class='ocrx_word' id='word_1_231' title='bbox 692 2731 824 2812; x_wconf 84' lang='lat'>18),</span> <span class='ocrx_word' id='word_1_232' title='bbox 862 2757 990 2795; x_wconf 89' lang='grc' dir='ltr'><strong><em>νειν</em></strong></span> <span class='ocrx_word' id='word_1_233' title='bbox 1036 2755 1146 2811; x_wconf 87' lang='lat' dir='ltr'><strong>pro</strong></span> <span class='ocrx_word' id='word_1_234' title='bbox 1195 2748 1291 2794; x_wconf 79' lang='grc' dir='ltr'><strong>νῖν</strong></span> <span class='ocrx_word' id='word_1_235' title='bbox 1337 2735 1456 2795; x_wconf 91' lang='lat' dir='ltr'><strong>ibd.</strong></span> <span class='ocrx_word' id='word_1_236' title='bbox 1509 2740 1609 2812; x_wconf 88' lang='lat'><strong>91,</strong></span> <span class='ocrx_word' id='word_1_237' title='bbox 1655 2733 2015 2816; x_wconf 77' lang='grc' dir='ltr'><strong><em>ἕριψιπύλαν</em></strong></span> <span class='ocrx_word' id='word_1_238' title='bbox 2053 2756 2090 2795; x_wconf 89' lang='lat' dir='ltr'><strong>a</strong></span> <span class='ocrx_word' id='word_1_239' title='bbox 2138 2756 2284 2796; x_wconf 90' lang='lat' dir='ltr'><strong>corr.</strong></span> 
     </span>
     <span class='ocr_line' id='line_1_30' title="bbox 248 2820 2284 2903; baseline 0.002 -23"><span class='ocrx_word' id='word_1_240' title='bbox 248 2824 323 2899; x_wconf 87' lang='lat' dir='ltr'><strong>V,</strong></span> <span class='ocrx_word' id='word_1_241' title='bbox 358 2825 459 2899; x_wconf 88' lang='lat'><strong>56,</strong></span> <span class='ocrx_word' id='word_1_242' title='bbox 495 2820 714 2903; x_wconf 76' lang='grc' dir='ltr'><strong><em>ἤριπον</em></strong></span> <span class='ocrx_word' id='word_1_243' title='bbox 750 2825 821 2900; x_wconf 92' lang='grc' dir='ltr'><strong>Χ,</strong></span> <span class='ocrx_word' id='word_1_244' title='bbox 854 2826 934 2884; x_wconf 89' lang='grc'><strong>68</strong></span> <span class='ocrx_word' id='word_1_245' title='bbox 985 2822 1232 2903; x_wconf 77' lang='grc' dir='ltr'><strong><em>(ἕρειψι-</em></strong></span> <span class='ocrx_word' id='word_1_246' title='bbox 1277 2824 1411 2899; x_wconf 89' lang='grc' dir='ltr'>ΧΠ,</span> <span class='ocrx_word' id='word_1_247' title='bbox 1455 2821 1636 2902; x_wconf 82' lang='grc'>167),</span> <span class='ocrx_word' id='word_1_248' title='bbox 1683 2824 1896 2903; x_wconf 84' lang='grc' dir='ltr'><strong><em>στίχειν</em></strong></span> <span class='ocrx_word' id='word_1_249' title='bbox 1941 2825 2132 2902; x_wconf 90' lang='lat' dir='ltr'>XVII,</span> <span class='ocrx_word' id='word_1_250' title='bbox 2183 2828 2284 2903; x_wconf 89' lang='grc'><strong>36,</strong></span> 
     </span>
     <span class='ocr_line' id='line_1_31' title="bbox 246 2912 2288 2991; baseline 0.001 -21"><span class='ocrx_word' id='word_1_251' title='bbox 246 2912 554 2991; x_wconf 80' lang='grc' dir='ltr'><strong><em>Πειερίὸες</em></strong></span> <span class='ocrx_word' id='word_1_252' title='bbox 608 2913 838 2989; x_wconf 93' lang='lat' dir='ltr'>XVIII,</span> <span class='ocrx_word' id='word_1_253' title='bbox 879 2915 934 2972; x_wconf 87' lang='lat'><strong>3.</strong></span> <span class='ocrx_word' id='word_1_254' title='bbox 997 2915 1098 2989; x_wconf 87' lang='lat'><strong>35,</strong></span> <span class='ocrx_word' id='word_1_255' title='bbox 1155 2918 1334 2973; x_wconf 79' lang='grc' dir='ltr'><strong><em>θεῖνα</em></strong></span> <span class='ocrx_word' id='word_1_256' title='bbox 1379 2914 1521 2990; x_wconf 88' lang='grc' dir='ltr'>ΧΠ,</span> <span class='ocrx_word' id='word_1_257' title='bbox 1566 2917 1720 2989; x_wconf 88' lang='grc'>149,</span> <span class='ocrx_word' id='word_1_258' title='bbox 1767 2915 1878 2973; x_wconf 93' lang='lat' dir='ltr'><strong>hoc</strong></span> <span class='ocrx_word' id='word_1_259' title='bbox 1927 2915 2167 2990; x_wconf 86' lang='lat' dir='ltr'><strong>quidem</strong></span> <span class='ocrx_word' id='word_1_260' title='bbox 2214 2935 2288 2973; x_wconf 87' lang='lat' dir='ltr'><strong>ex</strong></span> 
     </span>
     <span class='ocr_line' id='line_1_32' title="bbox 243 3001 2285 3084; baseline 0.002 -25"><span class='ocrx_word' id='word_1_261' title='bbox 243 3001 588 3061; x_wconf 79' lang='lat' dir='ltr'><strong>Aristarchi</strong></span> <span class='ocrx_word' id='word_1_262' title='bbox 626 3002 915 3078; x_wconf 88' lang='lat' dir='ltr'><strong>doctrina,</strong></span> <span class='ocrx_word' id='word_1_263' title='bbox 954 3003 1058 3078; x_wconf 92' lang='lat' dir='ltr'><strong>qui</strong></span> <span class='ocrx_word' id='word_1_264' title='bbox 1093 3002 1227 3074; x_wconf 81' lang='grc' dir='ltr'><strong><em>θείς</em></strong></span> <span class='ocrx_word' id='word_1_265' title='bbox 1264 3002 1339 3062; x_wconf 90' lang='lat' dir='ltr'><strong>ab</strong></span> <span class='ocrx_word' id='word_1_266' title='bbox 1379 3002 1565 3063; x_wconf 84' lang='grc' dir='ltr'><strong><em>θείνω</em></strong></span> <span class='ocrx_word' id='word_1_267' title='bbox 1603 3003 1916 3062; x_wconf 82' lang='lat' dir='ltr'><strong>derivabat</strong></span> <span class='ocrx_word' id='word_1_268' title='bbox 1944 3008 2013 3063; x_wconf 93' lang='lat' dir='ltr'><strong>ut</strong></span> <span class='ocrx_word' id='word_1_269' title='bbox 2050 3003 2171 3084; x_wconf 80' lang='grc' dir='ltr'><strong>ρείς</strong></span> <span class='ocrx_word' id='word_1_270' title='bbox 2209 3004 2285 3063; x_wconf 93' lang='lat' dir='ltr'><strong>ab</strong></span> 
     </span>
     <span class='ocr_line' id='line_1_33' title="bbox 245 3086 2286 3169; baseline 0.002 -20"><span class='ocrx_word' id='word_1_271' title='bbox 245 3086 380 3167; x_wconf 80' lang='grc' dir='ltr'><em>ῥέω.</em></span> <span class='ocrx_word' id='word_1_272' title='bbox 462 3090 596 3148; x_wconf 91' lang='lat' dir='ltr'><strong>Iam</strong></span> <span class='ocrx_word' id='word_1_273' title='bbox 632 3110 852 3166; x_wconf 85' lang='lat' dir='ltr'><strong>quaeso</strong></span> <span class='ocrx_word' id='word_1_274' title='bbox 883 3110 1188 3167; x_wconf 88' lang='lat' dir='ltr'><strong>compares</strong></span> <span class='ocrx_word' id='word_1_275' title='bbox 1215 3091 1534 3152; x_wconf 89' lang='lat' dir='ltr'><strong>Herondae</strong></span> <span class='ocrx_word' id='word_1_276' title='bbox 1564 3093 1851 3168; x_wconf 90' lang='lat' dir='ltr'><strong>chartam,</strong></span> <span class='ocrx_word' id='word_1_277' title='bbox 1878 3092 1984 3151; x_wconf 91' lang='lat' dir='ltr'><strong>ubi</strong></span> <span class='ocrx_word' id='word_1_278' title='bbox 2026 3094 2286 3169; x_wconf 91' lang='lat' dir='ltr'><strong>plerum-</strong></span> 
     </span>
     <span class='ocr_line' id='line_1_34' title="bbox 245 3180 2289 3257; baseline 0.002 -20"><span class='ocrx_word' id='word_1_279' title='bbox 245 3198 367 3254; x_wconf 88' lang='lat' dir='ltr'><strong>que</strong></span> <span class='ocrx_word' id='word_1_280' title='bbox 413 3199 522 3254; x_wconf 93' lang='lat' dir='ltr'><strong>pro</strong></span> <span class='ocrx_word' id='word_1_281' title='bbox 571 3180 733 3239; x_wconf 86' lang='lat' dir='ltr'><strong>omni</strong></span> <span class='ocrx_word' id='word_1_282' title='bbox 778 3201 829 3239; x_wconf 88' lang='grc' dir='ltr'><strong>ει</strong></span> <span class='ocrx_word' id='word_1_283' title='bbox 874 3204 895 3240; x_wconf 94' lang='grc' dir='ltr'><strong><em>ι</em></strong></span> <span class='ocrx_word' id='word_1_284' title='bbox 940 3180 1242 3254; x_wconf 83' lang='lat' dir='ltr'><strong>scribitur3</strong></span> <span class='ocrx_word' id='word_1_285' title='bbox 1299 3181 1528 3240; x_wconf 86' lang='lat' dir='ltr'><strong>videbis</strong></span> <span class='ocrx_word' id='word_1_286' title='bbox 1573 3182 1859 3240; x_wconf 87' lang='lat' dir='ltr'><strong>interesse</strong></span> <span class='ocrx_word' id='word_1_287' title='bbox 1906 3182 2289 3257; x_wconf 90' lang='lat' dir='ltr'><strong>aliquantum</strong></span> 
     </span>
    </p>
   </div>
   <div class='ocr_carea' id='block_1_3' title="bbox 242 3318 679 3327">
    <p class='ocr_par' dir='ltr' id='par_1_4' title="bbox 242 3318 679 3327">
     <span class='ocr_line' id='line_1_35' title="bbox 242 3318 679 3327; baseline 0 633"><span class='ocrx_word' id='word_1_288' title='bbox 242 3318 679 3327; x_wconf 95' lang='lat' dir='ltr'><strong> </strong></span> 
     </span>
    </p>
   </div>
   <div class='ocr_carea' id='block_1_4' title="bbox 432 3401 2287 3474">
    <p class='ocr_par' dir='ltr' id='par_1_5' title="bbox 432 3401 2287 3474">
     <span class='ocr_line' id='line_1_36' title="bbox 432 3401 2287 3474; baseline 0.002 -19"><span class='ocrx_word' id='word_1_289' title='bbox 432 3403 484 3472; x_wconf 92' lang='lat'><strong>1)</strong></span> <span class='ocrx_word' id='word_1_290' title='bbox 520 3401 701 3456; x_wconf 88' lang='lat' dir='ltr'><strong>Huius</strong></span> <span class='ocrx_word' id='word_1_291' title='bbox 737 3402 820 3457; x_wconf 89' lang='lat' dir='ltr'><strong>rei</strong></span> <span class='ocrx_word' id='word_1_292' title='bbox 854 3419 946 3457; x_wconf 90' lang='lat' dir='ltr'><strong>me</strong></span> <span class='ocrx_word' id='word_1_293' title='bbox 984 3402 1278 3458; x_wconf 87' lang='lat' dir='ltr'><strong>admonuit</strong></span> <span class='ocrx_word' id='word_1_294' title='bbox 1315 3404 1646 3457; x_wconf 83' lang='lat' dir='ltr'><strong>adulescens</strong></span> <span class='ocrx_word' id='word_1_295' title='bbox 1685 3403 2147 3474; x_wconf 72' lang='lat' dir='ltr'><strong>studiosissimuS,</strong></span> <span class='ocrx_word' id='word_1_296' title='bbox 2186 3405 2287 3474; x_wconf 90' lang='lat' dir='ltr'><strong>qui</strong></span> 
     </span>
    </p>
   </div>
   <div class='ocr_carea' id='block_1_5' title="bbox 238 3471 2290 3615">
    <p class='ocr_par' dir='ltr' id='par_1_6' title="bbox 238 3471 2290 3615">
     <span class='ocr_line' id='line_1_37' title="bbox 242 3471 2290 3545; baseline 0.002 -20"><span class='ocrx_word' id='word_1_297' title='bbox 242 3471 621 3542; x_wconf 87' lang='lat' dir='ltr'><strong>plurimarum</strong></span> <span class='ocrx_word' id='word_1_298' title='bbox 659 3475 983 3528; x_wconf 86' lang='lat' dir='ltr'><strong>chartarum</strong></span> <span class='ocrx_word' id='word_1_299' title='bbox 1020 3474 1304 3529; x_wconf 88' lang='lat' dir='ltr'><strong>scribendi</strong></span> <span class='ocrx_word' id='word_1_300' title='bbox 1341 3474 1590 3528; x_wconf 89' lang='lat' dir='ltr'><strong>rationes</strong></span> <span class='ocrx_word' id='word_1_301' title='bbox 1637 3474 1996 3545; x_wconf 86' lang='lat' dir='ltr'><strong>examinavit,</strong></span> <span class='ocrx_word' id='word_1_302' title='bbox 2034 3477 2123 3530; x_wconf 92' lang='lat' dir='ltr'>W</span> <span class='ocrx_word' id='word_1_303' title='bbox 2156 3476 2290 3530; x_wconf 68' lang='lat' dir='ltr'><strong>Cro-</strong></span> 
     </span>
     <span class='ocr_line' id='line_1_38' title="bbox 238 3545 1950 3615; baseline 0.001 -18"><span class='ocrx_word' id='word_1_304' title='bbox 238 3547 389 3599; x_wconf 84' lang='lat' dir='ltr'><strong>nert.</strong></span> <span class='ocrx_word' id='word_1_305' title='bbox 572 3546 626 3615; x_wconf 80' lang='lat'><strong>2)</strong></span> <span class='ocrx_word' id='word_1_306' title='bbox 666 3545 745 3600; x_wconf 84' lang='lat' dir='ltr'><strong>Cf.</strong></span> <span class='ocrx_word' id='word_1_307' title='bbox 784 3545 1054 3599; x_wconf 86' lang='lat' dir='ltr'><strong>Ludwich</strong></span> <span class='ocrx_word' id='word_1_308' title='bbox 1089 3547 1210 3601; x_wconf 91' lang='lat' dir='ltr'><strong>Ind.</strong></span> <span class='ocrx_word' id='word_1_309' title='bbox 1247 3546 1377 3599; x_wconf 87' lang='lat' dir='ltr'><strong>lect.</strong></span> <span class='ocrx_word' id='word_1_310' title='bbox 1417 3546 1570 3615; x_wconf 87' lang='lat' dir='ltr'><strong>Reg.</strong></span> <span class='ocrx_word' id='word_1_311' title='bbox 1597 3551 1733 3599; x_wconf 88' lang='grc'>1898</span> <span class='ocrx_word' id='word_1_312' title='bbox 1772 3564 1826 3615; x_wconf 92' lang='lat' dir='ltr'><strong>p</strong></span> <span class='ocrx_word' id='word_1_313' title='bbox 1866 3552 1950 3602; x_wconf 83' lang='lat'><strong>42.</strong></span> 
     </span>
    </p>
   </div>
  </div>
 </body>
</html>
