2622 3960
339 144 573 198 XXXVI
1139 143 1569 199 PRAEFATIO.
1691 152 1696 158 ’

340 311 458 371 ΚΠ
514 314 576 370 et
618 311 738 387 ΠΙ,
793 311 960 370 cuius
1006 311 1286 371 carminis
1332 311 1581 387 epoduS,
1639 311 1752 370 etsi
1794 330 1916 370 non
1960 311 2225 386 stropha,
2273 328 2375 367 en-

340 399 561 476 hopliis
605 399 866 459 numeris
903 400 1233 476 composita
1269 403 1376 460 est.
1449 401 1736 460 Videmus
1764 404 1966 460 autem
1990 398 2057 458 in
2081 398 2377 458 trimetris

342 489 399 547 ei
462 488 825 566 correptioni
886 489 1125 548 facilius
1190 490 1549 565 saepiusque
1604 491 1805 549 locum
1868 488 2001 547 dari
2063 507 2249 563 quam
2314 486 2381 545 in

343 577 627 637 dimetris.
718 578 805 637 At
846 578 1044 637 theses
1086 577 1153 636 in
1186 578 1361 637 binas
1404 578 1614 638 breves
1652 578 1978 638 dissolutae
2023 597 2169 635 num
2204 595 2380 652 prae-

341 669 437 725 ter
481 685 719 725 carmen
763 666 873 724 III.
919 685 1177 742 usquam
1213 670 1448 726 exstent
1485 666 1748 726 dubitari
1782 669 1997 743 potest.
2071 666 2147 724 In
2191 665 2377 725 tertio

214 809 219 813 ,
343 755 502 813 enim
529 755 790 814 carmine
819 757 880 813 et
908 756 1130 832 epodus
1159 748 1207 826 ς’
1235 755 1419 815 habet
1443 775 1682 815 versum
1710 756 1989 832 quintum
2014 755 2127 813 hac
2155 754 2381 814 forma:

340 870 1162 898 υυυυυυυυυυυυ
1202 835 1366 925 (ὅσια
1403 844 1561 925 δρῶν
1600 841 1883 924 εὔφραινε
1919 849 2125 922 θῦμον
2141 857 2154 869 ·
2201 852 2382 903 τοῦτο

340 922 515 1012 γὰρ),
570 935 632 990 et
676 925 739 1011 γ’
787 935 1072 1007 quartum
1125 932 1264 991 hac:
1318 952 1356 986 s.)
1391 980 1426 987 -
1462 963 1499 987 υ
1533 962 1571 987 υ
1604 962 1642 989 υ
1675 980 1711 988 -
1746 981 1781 989 ..
1840 923 2188 1015 (Ἀλύαττα)
2237 960 2276 986 υ
2312 976 2381 987 -.

345 1019 570 1081 Contra
608 1020 674 1078 in
701 1021 804 1096 ΙΧ,
833 1022 917 1080 46
954 1019 1290 1099 ὃιακρίτους
1327 1041 1436 1098 pro
1474 1068 1509 1076 ..
1544 1050 1582 1075 υ
1618 1068 1652 1076 -
1690 1025 1752 1082 et
1788 1022 2128 1100 coniectura
2163 1020 2387 1080 nititur

344 1111 406 1168 et
448 1109 936 1184 pronuntiatione
989 1109 1055 1168 in
1106 1109 1332 1169 iustam
1375 1130 1716 1170 mensuram
1761 1111 1895 1188 cogi
1937 1112 2164 1186 potest,
2227 1109 2387 1169 sicut

343 1196 598 1277 καρδίαν
648 1197 1012 1274 bisyllabum
1068 1201 1158 1257 est
1221 1199 1386 1275 apud
1437 1199 1816 1275 Aeschylum.
1924 1199 2118 1258 Multo
2182 1199 2385 1257 minus

342 1306 452 1363 pro
490 1332 526 1340 ..
562 1332 597 1340 -
631 1313 670 1340 υ
711 1331 740 1342 -
774 1287 1024 1346 tolerari
1066 1290 1267 1364 potest
1309 1314 1350 1342 υ
1383 1316 1422 1342 υ
1457 1334 1491 1342 ..
1526 1315 1565 1342 υ
1597 1333 1658 1364 ..,
1712 1288 1875 1364 quod
1925 1287 2191 1347 traditur
2244 1287 2384 1363 XII,

347 1370 495 1451 128,
541 1376 646 1434 sed
689 1376 973 1435 facillime
1020 1376 1355 1454 corrigitur.
1449 1375 1696 1436 Summa
1739 1377 1929 1455 igitur
1970 1377 2038 1434 in
2072 1376 2167 1435 his
2203 1376 2385 1435 rebus

344 1464 530 1523 fuisse
574 1464 816 1524 videtur
859 1465 1038 1524 huius
1083 1468 1299 1541 poetae
1347 1465 1647 1525 severitas.
1737 1466 1906 1524 Idem
1948 1484 2109 1541 vero,
2157 1465 2210 1525 si
2256 1466 2387 1523 ulla

343 1552 498 1613 libro
562 1556 767 1613 nostro
830 1553 1003 1630 fides,
1069 1554 1220 1613 alias
1284 1554 1589 1631 graviores
1659 1555 1820 1613 inter
1890 1555 2168 1630 strophas
2245 1573 2388 1613 suas

344 1642 710 1700 differentias
766 1661 957 1718 aequo
1014 1642 1213 1702 animo
1280 1643 1551 1719 admisit,
1616 1663 1869 1718 quarum
1932 1642 2155 1702 similes
2222 1643 2389 1719 apud

342 1729 672 1788 Pindarum
701 1749 738 1788 a
764 1730 1066 1807 plerisque
1103 1751 1223 1791 non
1260 1734 1678 1808 agnoscuntur,
1717 1731 1990 1807 quamvis
2026 1752 2101 1791 ne
2140 1732 2218 1790 ab
2258 1732 2388 1790 eius

345 1817 588 1894 quidem
648 1818 819 1877 libris
881 1820 1060 1895 plane
1125 1819 1340 1878 absint.
1439 1821 1522 1878 Et
1583 1822 1806 1879 tolerat
1866 1840 2023 1880 nunc
2087 1819 2389 1879 Christius

345 1922 472 1965 -σιν
516 1905 719 1967 πόθον
764 1904 999 1967 ἔνδαιεν
1028 1903 1189 1988 “Ηρα
1232 1927 1343 1985 pro
1382 1935 1918 1963 --------
1962 1908 2028 1967 Ρ.
2073 1909 2181 1985 IV,
2235 1910 2386 1986 184,

346 1995 496 2053 item
532 1994 816 2076 σάμερον
851 1994 1054 2057 ἐλθεῖν
1090 1994 1157 2057 ἐν
1203 1996 1328 2080 ὥρᾳ
1366 1995 1458 2057 01.
1497 1999 1600 2074 VL
1633 2000 1735 2074 28,
1779 1995 2108 2077 γυιαρκέος
2140 1990 2388 2058 Ἀσκλα-

343 2081 485 2143 πιόν
504 2084 570 2142 Ρ.
589 2085 700 2161 ΙΠ,
717 2087 775 2162 6,
792 2085 978 2150 thesis
996 2085 1061 2145 vi
1077 2086 1528 2161 productionem
1546 2086 1632 2145 ibi
1651 2087 1922 2146 effectam
1940 2105 2068 2146 esse
2089 2089 2387 2163 statuenS,

347 2191 534 2248 quam
578 2176 738 2232 certe
786 2174 1245 2250 explicationem
1298 2176 1467 2234 nullo
1522 2175 1699 2235 modo
1744 2175 1997 2252 probare
2051 2194 2319 2251 possum.
2333 2168 2384 2257 1)

343 2261 527 2337 Apud
569 2262 993 2338 Bacchylidem
1046 2264 1213 2322 nulla
1268 2267 1410 2323 sunt
1463 2264 1674 2322 similis
1726 2263 2048 2322 maiorisve
2103 2264 2390 2323 licentiae

345 2351 617 2426 exempla
632 2351 700 2408 in
715 2351 808 2410 his
829 2352 1213 2411 carminibus:
1234 2343 1358 2434 (ΠΙ
1376 2344 1575 2433 epod.)
1596 2352 1760 2409 Vm.
1779 2352 1913 2410 XII.
1927 2352 2088 2410 XIV.
2159 2352 2388 2413 Contra

343 2437 600 2498 maxime
647 2459 718 2499 ea
756 2440 1064 2500 abundant
1098 2441 1162 2499 in
1190 2441 1271 2499 V:
1309 2460 1452 2500 nam
1486 2444 1908 2517 praeterquam
1946 2441 2109 2516 quod
2146 2442 2388 2517 syllaba

345 2528 620 2586 deestin
665 2532 768 2588 str.
814 2550 870 2589 v.
920 2531 957 2588 8
1007 2531 1483 2589 et-oo-est
1525 2529 2162 2605 pro——u-bisin
2209 2530 2393 2606 epodi

345 2636 398 2675 v.
451 2618 505 2692 1,
551 2617 932 2676 undecimum
974 2637 1211 2695 quoque
1261 2621 1323 2677 et
1376 2616 1813 2693 paenultimum
1857 2618 2141 2693 strophae
2197 2639 2387 2678 mem-

340 2705 516 2763 brum
595 2706 771 2766 modo
854 2709 1130 2783 septenas
1202 2706 1466 2782 syllabas
1535 2704 1782 2780 habent,
1854 2705 2033 2764 modo
2108 2710 2390 2767 octonas:

346 2787 464 2874 (14
510 2798 614 2853 str.
662 2788 765 2876 oc')
813 2793 950 2867 -νὸς
995 2795 1296 2874 θεράπων.
1345 2791 1536 2854 ἐθέλει
1581 2791 1665 2871 δέ,
1713 2784 1823 2874 (29
1874 2797 1997 2853 ant.
2045 2787 2148 2875 oc')
2190 2802 2390 2856 -αἴσιν

343 2880 588 2963 ἔθειραν
625 2880 899 2963 ἀρίγνω-,
937 2887 1001 2943 at
1041 2876 1171 2966 (str.
1210 2877 1276 2963 β’
1325 2875 1439 2963 54)
1486 2881 1597 2961 γάρ
1643 2902 1730 2952 τις
1784 2877 2175 2960 ἐπιχθονίων,
2233 2877 2391 2966 (ant.

341 2968 411 3050 β’
453 2964 567 3052 69)
607 2976 743 3032 -λον
778 2970 1274 3051 θρασυμέμνονος
1321 2967 1436 3050 ἐγ-,
1483 2973 1543 3029 et
1587 2969 1671 3028 sic
1716 2988 1894 3044 porro
1938 2989 2049 3045 per
2101 2973 2395 3050 reliquaS,

344 3060 588 3135 dempta
633 3080 866 3137 semper
913 3064 1176 3119 extrema
1222 3058 1473 3135 syllaba,
1512 3058 1905 3133 similiterque
1948 3059 2017 3116 in
2052 3061 2393 3122 undecimis

341 3148 639 3207 membris.
653 3140 705 3230 ²)
797 3150 881 3208 Et
923 3151 1164 3225 poterat
1207 3147 1477 3224 profecto
1525 3146 1732 3205 eadem
1776 3145 2010 3221 syllaba
2064 3168 2177 3223 per
2234 3151 2389 3211 duos

525 3302 577 3368 1)
615 3299 748 3354 Alia
784 3298 1044 3369 exempla
1079 3297 1292 3378 liberae
1336 3295 1714 3377 responsionis
1762 3313 1830 3349 ex
1865 3296 2115 3351 Pindaro
2156 3301 2395 3355 addidit

344 3369 408 3423 Ο.
466 3369 743 3425 Schroder
797 3370 961 3440 (Berl.
1016 3367 1213 3438 philol.
1249 3366 1707 3421 Wochenschnft
1761 3371 1920 3457 ¹898·
1956 3367 2054 3421 Nr.
2116 3372 2237 3440 11):
2299 3372 2388 3427 01.

340 3440 607 3565 {aits
635 3457 958 3566 :1130313'2‘3
996 3458 1278 3578 {sapa
1310 3438 1563 3578 p'f1’xi⁰⁰
1601 3436 1816 3507 “mm
1853 3461 1867 3505 ³
1903 3438 2081 3504 Μ)
2212 3445 2270 3511 ²)
2306 3443 2395 3497 ¹³⁸
