2622 3960
974 937 1597 1011 PRAEFATIO.

1260 1111 1310 1177 Ι.

449 1256 599 1321 Post
659 1260 983 1336 Hyperidis
1049 1260 1375 1335 orationeS,
1440 1259 1786 1318 Aristotelis
1849 1260 2305 1337 Rempublicam

266 1349 749 1426 Atheniensium,
785 1349 1101 1408 Herondae
1138 1348 1512 1408 mimiambos
1549 1367 1707 1407 nunc
1747 1352 2034 1424 quartum
2081 1350 2304 1410 donum

266 1441 647 1515 insperatum
662 1437 1042 1513 Bacchylidis
1058 1438 1325 1497 carmina
1338 1437 1509 1497 nobis
1519 1437 1838 1514 Aegyptus
1856 1437 2036 1497 misit.
2084 1439 2301 1498 Resur-

266 1532 429 1607 gunt
470 1527 710 1586 litterae
755 1529 1057 1600 vetustae3
1106 1528 1280 1597 ζῶσιν
1327 1526 1391 1586 οἱ
1430 1534 1539 1605 γᾶς
1584 1524 1733 1586 ὑπαὶ
1779 1526 2067 1604 κείμενοι,
2114 1531 2300 1604 atque

266 1618 507 1677 utinam
555 1616 737 1675 etiam
783 1616 906 1691 alii,
946 1616 1052 1692 qui
1087 1634 1246 1674 nunc
1282 1615 1550 1675 nondum
1584 1615 1890 1674 videntur!
1940 1615 2057 1675 Sed
2104 1617 2305 1677 omnia

265 1707 394 1765 iam
433 1725 535 1781 spe
575 1704 895 1780 concipere
922 1705 1228 1780 audemuS,
1259 1706 1321 1763 et
1346 1707 1419 1762 ut
1447 1704 1706 1763 amicum
1735 1705 2034 1780 quendam
2061 1706 2306 1765 memini

268 1796 498 1870 dicere,
546 1793 856 1853 divinandi
910 1793 1265 1853 facultatem
1319 1794 1417 1852 vel
1463 1793 1537 1852 ob
1586 1812 1718 1852 eam
1761 1814 1887 1853 rem
1933 1794 2046 1853 sibi
2083 1794 2305 1871 aliquis

269 1887 542 1959 exoptet,
589 1886 661 1941 ut
706 1883 897 1958 possit
951 1882 1327 1965 praevidere,
1386 1885 1756 1959 quantopere
1816 1885 2123 1942 mutatum
2167 1888 2306 1960 post

271 1972 722 2051 quinquaginta
769 1991 956 2032 annos
1005 1971 1112 2048 qui
1156 1975 1289 2031 tum
1336 1972 1543 2031 vivent
1587 1971 1853 2031 habituri
1899 1973 2021 2033 sint
2050 1971 2302 2034 Graeca-

270 2083 415 2122 rum
451 2062 796 2121 litterarum
833 2061 1142 2120 ambitum.
1215 2035 1443 2120 Verum
1471 2061 1623 2120 nihil
1649 2061 1993 2137 proficimus
2021 2063 2304 2138 optand0,

274 2154 519 2229 oportet
557 2152 804 2213 deorum
840 2150 1187 2209 muneribus
1223 2151 1337 2226 uti,
1385 2148 1505 2209 όττι
1543 2149 1788 2229 διδοῖεν,
1822 2151 1999 2212 modo
2036 2171 2110 2211 nc
2149 2160 2305 2236 σιγῇ,

270 2244 348 2300 ut
395 2245 487 2300 est
531 2240 696 2316 apud
739 2240 1093 2313 Homerum,
1141 2243 1302 2298 recte
1350 2240 1509 2297 enim
1551 2239 1970 2315 Bacchylides·
2017 2240 2302 2320 πράξαντι

271 2323 333 2390 δ’
394 2352 460 2389 ευ
517 2328 590 2390 οὐ
649 2326 814 2408 φέρει
868 2326 1094 2406 κόσμον
1153 2327 1364 2387 σιωπά.
1458 2326 1835 2387 Celebremus
1889 2329 2081 2407 igitur
2134 2330 2304 2410 χάριν

270 2421 467 2496 Κηΐας
513 2416 804 2496 ἀηδόνος,
853 2437 1007 2493 quae
1053 2420 1192 2493 post
1253 2417 1419 2476 mille
1485 2417 1955 2495 quingentorum
2010 2437 2305 2480 annorum

272 2508 583 2567 silentium
626 2507 749 2565 iam
794 2507 989 2567 denuo
1037 2506 1217 2582 canit,
1262 2526 1412 2565 neve
1460 2506 1882 2566 obliviscamur
1937 2526 2145 2567 eorum
2198 2528 2308 2584 per

274 2615 427 2673 quos
481 2597 573 2654 his
616 2595 916 2655 beneficiis
961 2595 1243 2671 fruimur,
1307 2596 1467 2654 inter
1526 2615 1675 2671 quos
1730 2596 2062 2672 principem
2106 2597 2306 2657 locum

270 2706 394 2746 non
449 2686 575 2744 sine
628 2685 861 2763 magnis
915 2684 1218 2744 laboribus
1274 2686 1442 2743 tenet
1501 2684 1839 2744 Fridericus
1900 2685 2178 2761 Kenyon,
2246 2689 2307 2745 et

270 2774 619 2834 Aristotelis
664 2773 921 2832 Politiae
969 2777 1030 2832 et
1073 2773 1390 2834 Herondac
1429 2777 1490 2832 et
1525 2792 1684 2832 nunc
1719 2773 2098 2849 Bacchylidis
2143 2773 2303 2849 prin-

273 2882 417 2940 ceps
463 2863 671 2922 editor.

451 2953 750 3012 Volumen
805 2952 929 3010 sive
984 2950 1293 3011 volumina
1348 2952 1663 3011 chartacea
1710 2952 1929 3028 quibus
1983 2952 2131 3010 haec
2178 2970 2304 3010 car-

268 3042 438 3100 mina
491 3041 876 3100 continentur
934 3043 1196 3101 extremo
1244 3059 1401 3101 anno
1452 3042 1620 3102 1896
1672 3061 1743 3100 ex
1787 3040 2054 3119 Aegypti
2100 3041 2305 3117 aliquo

269 3131 406 3191 loco
435 3131 667 3206 accepit
694 3131 971 3188 Museum
997 3130 1433 3206 Britannicum,
1462 3130 1804 3191 condicione
1835 3148 2017 3206 quam
2048 3130 2304 3189 maxime

269 3221 479 3295 potest
513 3221 729 3296 lacera,
767 3219 871 3278 sed
909 3219 1180 3295 alioquin
1216 3218 1280 3276 in
1316 3220 1662 3279 universum
1709 3218 1976 3297 egregia:
2022 3219 2305 3279 facillime

276 3309 438 3366 enim
483 3309 593 3366 hae
640 3309 893 3367 laciniae
939 3308 1308 3386 legebantur.
1393 3309 1608 3368 Editor
1644 3310 1849 3367 autem
1884 3312 2207 3385 postquam
2243 3309 2307 3366 in

272 3397 362 3456 eis
419 3397 839 3473 componendis
894 3401 1078 3474 atque
1131 3397 1196 3455 in
1253 3397 1520 3457 ordinem
1582 3397 1921 3475 redigendis
1984 3399 2091 3457 diu
2152 3399 2304 3456 mul-

270 3490 529 3561 tumque
566 3485 899 3562 desudavit,
937 3506 1008 3545 ex
1045 3486 1317 3545 ducentis
1357 3486 1708 3563 fragmentis
1738 3488 2031 3562 quattuor
2057 3504 2307 3564 magnas

276 3576 485 3650 partes
551 3575 769 3651 effecit,
834 3575 1057 3634 relictis
1121 3578 1363 3650 praeter
1427 3594 1524 3633 eas
1579 3593 1698 3633 non
1753 3576 1890 3650 plus
1937 3574 2130 3634 LXXI
2182 3575 2306 3632 fru-

1808 3672 1876 3725 a*
