2622 3960
1018 173 1448 228 PRAEFATIO.
2050 173 2256 229 XXVII

209 337 384 421 γέρας
434 332 549 422 (35
599 332 744 421 sq.)3
793 332 916 422 (β’)
966 346 1149 421 τεῖχος
1196 339 1259 402 δὲ
1304 342 1632 413 Κύκλωπες
1686 341 1879 421 κάμον
1921 336 1929 421 Ι
1970 339 2250 414 ἐλθόντες

210 428 573 508 ὑπερφίαλοι
616 433 819 513 κλεινᾷ
864 428 1029 490 πόλει
1068 423 1180 512 (77
1222 424 1365 512 sq.)3
1413 423 1532 513 (γ’)
1563 430 1774 491 Κάσαν
1810 424 1951 511 παρ’
1993 428 2254 511 εὔυδρον

210 510 518 600 προγόΙνοι
562 514 873 597 ἑσσάμενοι
920 512 1204 599 Πρίαμοι’
1253 517 1381 580 ἐπεὶ
1414 519 1606 605 χρόνῳ
1667 517 1823 598 (119
1866 513 2001 601 sq.).
2089 520 2257 580 Haec

206 607 399 684 igitur
417 607 688 665 membra
733 607 1049 667 coniuncta
1093 609 1399 668 habebunt
1435 610 1732 685 syllabam
1778 609 2119 685 ancipitem,
2169 609 2257 668 di-

208 700 448 772 rempta
475 696 756 757 vocabuli
776 697 1046 756 eiusdem
1073 698 1563 758 communionem.
1631 698 1749 757 Sed
1775 700 1963 774 patet,
2000 698 2256 775 inquieS,

210 785 396 844 etiam
454 804 529 844 ex
593 785 728 861 ipsa
791 786 1088 845 sententia
1152 787 1351 847 locum
1412 787 1629 847 tertiae
1697 786 1874 863 epodi
1938 806 2063 846 esse
2130 807 2253 846 cor-

206 876 473 950 ruptum,
503 893 698 950 neque
726 874 925 934 hiatus
954 896 1082 934 -νοι
1108 872 1239 934 ἕσσ-
1267 877 1517 936 tolerari
1544 879 1761 952 potest.
1846 877 2062 952 Itaque
2099 877 2255 935 hanc

209 982 450 1039 quoque
483 963 902 1022 difficultatem
929 984 1085 1022 nunc
1122 964 1451 1041 mittamus,
1499 965 1671 1024 cuius
1708 967 1887 1041 plane
1927 965 2253 1024 consimilis

208 1052 394 1111 fuisse
460 1051 701 1112 videtur
759 1053 825 1110 in
886 1053 1004 1111 XII
1059 1073 1148 1129 ep.
1208 1055 1245 1113 5
1304 1073 1419 1130 sq.;
1485 1054 1724 1130 scripsit
1787 1054 1947 1113 enim
2000 1054 2254 1130 Kenyon

213 1138 274 1217 [-
312 1140 376 1217 -]
410 1138 612 1220 τρέφει
645 1140 926 1221 παύροισι
973 1134 1089 1223 (ita
1134 1135 1314 1223 liber)
1362 1134 1610 1225 βροΙτῶν
1653 1140 1739 1219 [-]
1789 1141 1904 1202 κτὲ.
1946 1163 2001 1202 v.
2044 1146 2124 1203 62
2165 1161 2252 1219 sq.

212 1228 324 1307 [29
376 1227 527 1306 sq.],
586 1230 700 1289 etsi
760 1231 966 1290 eodem
1010 1233 1140 1292 loco
1190 1251 1307 1307 quo
1357 1235 1449 1291 est
1492 1233 1633 1310 βρο-
1681 1235 1741 1290 et
1787 1233 1970 1308 longa
2017 1232 2251 1307 syllaba

206 1319 357 1377 alibi
422 1321 516 1377 est
571 1321 632 1377 et
686 1337 918 1395 semper
970 1321 1248 1379 vocabuli
1300 1321 1453 1379 finis,
1548 1319 1666 1379 Sed
1710 1321 1960 1379 tertium
2005 1320 2251 1396 accedit,

207 1408 370 1483 quod
400 1407 682 1466 carminis
710 1408 819 1466 ΓΠ,
848 1410 1111 1485 stropha,
1158 1428 1310 1485 quae
1349 1427 1504 1467 nunc
1543 1428 1614 1467 ex
1652 1410 1940 1483 quattuor
1985 1408 2247 1467 undena-

201 1516 339 1555 rum
366 1497 741 1573 syllabarum
775 1497 1055 1557 membris
1083 1500 1313 1557 structa
1340 1497 1578 1573 legitur,
1617 1496 1940 1556 secundum
1961 1497 2253 1557 Boeckhii

200 1587 505 1645 rationem
548 1586 639 1644 ita
686 1586 802 1645 erit
848 1587 1183 1646 scribenda:

637 1737 1465 1764 U-U-UUUU-U-k!

383 2120 572 2179 Nulla
628 2119 789 2179 enim
845 2122 936 2179 est
987 2119 1148 2179 inter
1209 2120 1478 2180 membra
1541 2121 1790 2180 tertium
1837 2124 2256 2198 quartumque,

206 2210 412 2285 qualia
449 2210 514 2268 in
551 2210 763 2268 charta
790 2211 1091 2286 leguntur,
1131 2209 1346 2270 divisio
1383 2209 1555 2269 hiatu
1592 2211 1943 2287 syllabaque
1991 2212 2252 2287 ancipite

205 2299 498 2374 stabilita,
546 2299 651 2357 sed
697 2300 760 2357 et
802 2298 1001 2358 brevis
1049 2302 1139 2358 est
1185 2318 1420 2374 semper
1463 2298 1679 2358 ultima
1716 2300 1879 2359 illius
1918 2300 2151 2376 syllaba
2191 2302 2253 2358 et

208 2389 388 2448 semel
440 2380 522 2470 (v.
565 2380 632 2469 3)
672 2387 951 2447 vocabuli
988 2387 1239 2447 alicuius
1277 2388 1501 2461 media3
1550 2390 1758 2449 contra
1795 2391 1933 2465 post
1970 2389 2248 2465 quintam

207 2477 413 2552 quarti
465 2477 558 2535 bis
613 2476 816 2535 hiatus
873 2476 1165 2536 admissus
1221 2478 1340 2536 est:
1397 2469 1539 2558 (64)
1589 2469 1636 2537 ὦ
1683 2477 1992 2557 μεγαίνητε
2049 2472 2247 2556 Ἱέρων

205 2564 488 2643 θελήσειν
536 2568 598 2625 et
644 2557 788 2647 (92)
837 2565 1068 2626 Μοῦσά
1112 2589 1210 2625 νιν
1255 2563 1471 2644 τρέφει.
1509 2581 1516 2590 ·
1565 2561 1763 2646 Ἱέρων
1811 2565 1885 2625 σὺ
1934 2559 1991 2625 δ’
2043 2563 2248 2644 ὄλβου,

203 2654 553 2731 ceteroquin
599 2658 803 2713 autem
848 2673 1079 2731 semper
1121 2654 1210 2713 ibi
1256 2658 1348 2713 est
1382 2654 1661 2715 vocabuli
1694 2655 1846 2714 finis.
1927 2656 2024 2714 Me
2061 2655 2251 2732 igitur

204 2744 259 2801 si
321 2744 521 2818 audis,
594 2743 741 2802 haec
816 2746 907 2802 est
977 2743 1153 2803 huius
1216 2743 1306 2803 rei
1367 2744 1542 2803 ratio.
1668 2743 2033 2803 Catalectica
2107 2748 2248 2803 sunt

205 2833 542 2892 membrum
604 2833 869 2908 primum
932 2832 1338 2909 alterumque,
1401 2833 1466 2891 id
1531 2836 1646 2909 est,
1710 2833 1935 2892 habent
1989 2836 2127 2909 post
2184 2852 2246 2892 se

204 2924 445 2997 tempus
500 2921 704 2997 inane,
771 2941 891 2997 quo
956 2922 1159 2980 hiatus
1225 2925 1571 2997 excusatum
1637 2922 1806 2981 tertii
1869 2923 2076 2980 autem
2140 2941 2245 2998 pes

203 3010 459 3069 ultimus
508 3010 784 3086 expletur
829 3011 1035 3085 quarti
1079 3012 1403 3088 principio,
1452 3012 1854 3087 quartumque
1910 3010 2248 3070 membrum

202 3098 386 3158 habet
423 3102 662 3175 tempus
690 3099 868 3157 inane
896 3102 1037 3175 post
1064 3100 1343 3176 quintam
1371 3100 1681 3176 syllabam.
1747 3100 1975 3158 Verum
1999 3099 2245 3158 minime

205 3188 441 3248 affirmo
498 3190 597 3249 vel
651 3188 852 3247 omnia
911 3189 1119 3248 inania
1162 3192 1439 3265 tempora
1482 3189 1719 3247 hiatum
1775 3188 2093 3247 admittere
2149 3190 2248 3249 vel

202 3276 309 3335 ubi
353 3277 557 3335 hiatus
604 3277 683 3336 sit
731 3277 915 3336 etiam
959 3278 1137 3336 inane
1173 3282 1414 3354 tempus
1461 3297 1695 3353 semper
1740 3296 1883 3336 esse.
1958 3277 2248 3337 Eiusdem

203 3366 364 3424 enim
411 3366 692 3425 carminis
740 3367 967 3442 epodus
1011 3367 1333 3427 manifesto
1382 3386 1453 3425 ex
1496 3366 1691 3425 tribus
1737 3366 2018 3426 binorum
2063 3386 2246 3426 mem·

205 3452 449 3513 brorum
494 3454 754 3530 periodis
802 3455 1204 3531 componitur3
1254 3456 1358 3514 sed
1404 3475 1472 3514 ex
1521 3455 1605 3514 eis
1652 3455 1847 3531 prima
1893 3458 1985 3514 est
2030 3452 2248 3515 ἀκατά-

207 3544 439 3621 ληκτος,
501 3543 687 3602 tertia
752 3546 957 3603 autem
1031 3563 1167 3603 cum
1240 3545 1321 3603 sit
1384 3542 1893 3624 προκατάληκτος,
1965 3544 2078 3603 hoc
2152 3547 2244 3604 est
