2622 3960
568 130 1011 182 FRAGMENTA
1047 130 1152 183 ΑΡ.
1191 131 1350 184 vm.
1391 130 1538 183 scR.
1581 129 1921 184 SERVATA.
2146 128 2270 194 167

1089 326 1411 412 49.[66]

411 450 645 517 Strabo
683 449 863 534 XHI,
901 450 1058 516 616:
1107 450 1141 516 ὁ
1183 446 1257 515 δὲ
1286 452 1582 529 Κάϊκος
1621 451 1745 516 οὐκ
1783 452 1910 517 ἀπὸ
1949 460 2066 536 τῆς
2086 448 2272 535 Ἴδης

219 558 355 644 ῥεῖ,
402 558 708 644 καθάπερ
757 563 977 643 εἴρηκε
1023 558 1460 642 Βακχυλίδης.

1088 751 1410 838 50.[67]

410 875 624 944 Schol,
679 876 895 962 Apoll.
949 876 1073 943 Rh.
1128 875 1187 962 I,
1238 876 1437 942 1165:
1492 875 1916 954 Ῥυνδακὸς
1977 882 2273 963 ποταμός

220 984 373 1050 ἐστι
408 987 730 1071 Φρυγίας,
770 979 853 1049 οὗ
880 983 1201 1068 μέμνηται
1232 984 1670 1069 Βακχυλίδης.
1743 982 1901 1049 Inde
1931 983 2273 1051 Schneide-

219 1092 361 1156 win
424 1090 800 1175 Bacchylidi
863 1090 1098 1155 tribuit
1145 1088 1511 1155 Ῥύνδακον
1575 1089 1748 1174 ἀμφὶ
1807 1092 2272 1176 βαθύσχοινον

220 1196 459 1287 (801101.
497 1196 570 1262 Π.
609 1201 675 1261 Ε
712 1194 897 1284 759),
953 1197 1127 1280 quod
1173 1194 1571 1261 Callimacho
1620 1196 1730 1260 dat
1774 1196 2031 1262 Hecker
2077 1196 2267 1285 (Gall.

221 1306 350 1393 frg.
390 1327 577 1369 anon.
617 1303 745 1369 335
788 1301 1025 1390 Sohn.).

1088 1496 1409 1582 51.[6s]

409 1623 624 1690 Schol.
662 1623 785 1708 Ap.
823 1621 1032 1687 Rhod„
1069 1620 1184 1707 IV,
1223 1623 1381 1688 973:
1421 1625 1826 1707 μνημονεύει
1870 1621 2020 1711 (τοῦ
2060 1624 2269 1712 ὀρει-

225 1728 557 1819 χάλκου)
604 1729 715 1795 καὶ
763 1733 1180 1816 Στησίχορος
1224 1728 1338 1794 καὶ
1384 1730 1820 1814 Βακχυλίδης.

1083 1923 1188 1991 52.
1273 1925 1377 1991 69.

405 2051 667 2117 Tzetzes
715 2049 955 2136 Theog.
1005 2074 1062 2116 v.
1103 2050 1184 2115 81
1240 1924 1609 2138 ἑΜειέΥοῐιςο
1653 2049 1777 2116 Α11.
1814 2051 2002 2140 580):
2061 2052 2133 2118 ἐκ
2191 2051 2267 2120 δὲ

224 2169 345 2224 τοῦ
392 2156 877 2245 καταρρέοντος
921 2158 1195 2242 αἵματος
1249 2168 1387 2222 τῶν
1440 2161 1697 2244 μορίων
1753 2158 1827 2223 ἐν
1879 2157 2004 2244 μὲν
2055 2170 2135 2247 τῇ
2183 2172 2267 2248 γῇ

225 2268 544 2351 γεγόνασι
608 2274 787 2351 τρεῖς
832 2262 1135 2351 Ἐρινύες
1197 2276 1496 2350 πρῶτον,
1558 2266 1600 2348 ἡ
1667 2269 2060 2352 Τεισιφόνη,
2124 2268 2268 2333 Μέ-

226 2398 456 2460 γαιρα,
516 2371 630 2438 καὶ
676 2370 964 2456 Ἀληκτὼ
1024 2375 1153 2437 σὺν
1205 2373 1505 2455 ταύταις,
1561 2370 1673 2437 καὶ
1729 2376 1858 2438 σὺν
1913 2374 2144 2452 αὐταῖς
2201 2377 2266 2441 οῑ

226 2478 538 2566 τέσσαρες
604 2476 965 2563 ὀνομαστοὶ
1030 2481 1366 2561 Τελχῖνες,
1419 2473 1748 2563 Ἀκταῑος,
1813 2484 2268 2567 Μεγαλήσιος,

211 2585 534 2673 Ὄρμενός
578 2608 650 2649 τε
693 2583 805 2650 καὶ
844 2585 1089 2667 Λύκος,
1137 2583 1257 2660 οὓς
1293 2585 1715 2669 Βακχυλίδης
1760 2586 1885 2670 μέν
1930 2604 2095 2671 φησι
2132 2591 2267 2653 Νε-

228 2696 475 2778 μέσεως
531 2692 898 2779 Ταρτάρου,
953 2691 1145 2755 ἄλλοι
1191 2685 1370 2766 τινὲς
1416 2687 1490 2756 δὲ
1536 2690 1808 2776 λέγουσι
1853 2703 1970 2778 τῆς
2016 2697 2151 2778 Γῆς
2196 2717 2268 2760 τε

229 2799 337 2867 καὶ
383 2809 506 2865 τοῦ
556 2801 848 2863 Πόντου.
944 2796 1036 2862 Cf.
1083 2796 1290 2860 Praef.
1339 2819 1399 2880 p.
1438 2796 1733 2863 XLVIII.

405 3063 691 3153 (Natalis
737 3064 911 3130 Com.
950 3063 1226 3148 Mythol.
1263 3063 1379 3149 IX,
1418 3065 1457 3129 8
1505 3088 1565 3149 p.
1606 3065 1763 3130 987:
1810 3065 2101 3144 „Dicitur
2139 3065 2265 3132 Ρο-

230 3173 544 3258 byphemus
587 3193 714 3237 non
758 3172 935 3236 modo
981 3191 1226 3237 amasse
1278 3171 1630 3251 Galateam,
1675 3173 1786 3237 sed
1826 3174 2015 3237 etiam
2066 3173 2267 3239 Gala-

231 3285 358 3345 bwm
393 3300 469 3345 ex
504 3278 621 3343 illa
656 3279 1007 3360 suscepisse,
1044 3284 1117 3343 ut
1151 3283 1404 3344 testatus
1440 3283 1531 3342 est
1563 3277 2021 3361 Bacchylidesf‘
2066 3278 2265 3346 Recte

232 3385 575 3473 Bergkius:
621 3385 782 3470 „hoc
830 3407 956 3470 qua
992 3385 1118 3449 fide
1158 3386 1245 3449 sit
1284 3385 1552 3471 dignum
1590 3406 1856 3469 prorsus
1895 3385 2268 3453 incertumf‘
