2622 3960
379 146 604 201 XLVm
1173 143 1602 198 PRAEFATIO.

378 315 612 390 fuitque
658 314 723 373 ln
768 313 961 372 indice
1005 312 1469 371 Isthmiacarum
1503 311 1633 387 ipso
1663 313 1850 386 poeta
1885 313 2039 369 teste
2079 302 2183 392 (Π,
2216 312 2252 369 9
2296 305 2413 387 sq.)

379 402 837 480 septuagesima.
927 401 1242 460 Putandus
1289 403 1492 459 autem
1538 403 1629 459 est
1672 399 1923 477 Argius,
1979 399 2086 475 qui
2132 396 2414 478 καρτερό-

377 512 498 571 χειο
547 484 682 573 (Id
729 487 795 568 3)
842 491 938 550 vel
984 488 1306 570 θρασύχειρ
1364 482 1469 571 (11,
1499 481 1570 571 4)
1628 487 1849 547 dicitur
1908 479 2054 568 (nisi
2106 488 2220 546 hoc
2278 487 2409 564 qui-

377 581 513 639 dem
556 581 686 640 loco
734 578 919 659 μάχας
964 577 1357 659 θρασύχειρος
1402 578 1604 653 potius
1651 568 2073 657 scribendum),
2127 576 2413 653 pugilatu

374 670 605 745 vicisse,
671 668 831 744 quod
894 667 1237 727 certaminis
1300 685 1487 744 genus
1551 685 1588 725 a
1652 664 1787 725 Oeis
1859 668 2122 741 praeter,
2172 684 2415 724 cursum

377 758 635 817 maxime
681 756 938 816 exerceri
985 757 1230 817 solitum
1286 774 1415 814 esse
1470 757 1732 815 testatur
1775 753 2168 830 Bacchylides
2214 750 2322 830 VI,
2357 755 2412 812 7.

376 846 633 906 Videtur
696 864 935 905 carmen
999 863 1119 903 non
1181 844 1380 904 minus
1446 846 1579 903 octo
1644 846 2039 920 systematum
2109 842 2322 918 fuisse,
2381 861 2413 901 e

380 935 596 1011 quibus
641 934 859 993 ultima
904 934 1020 992 duo
1065 934 1190 992 fere
1235 933 1474 1010 integra
1521 935 1857 1009 supersunt,
1901 931 2270 1008 reliquorum
2316 931 2415 991 vel

376 1024 717 1100 fragmenta
778 1025 1019 1082 tantum
1080 1023 1179 1082 vel
1242 1022 1482 1081 omnino
1545 1022 1713 1080 nihil.
1813 1020 2056 1080 Etenim
2111 1021 2163 1080 si
2216 1021 2414 1097 primo

378 1113 510 1172 loco
557 1112 715 1171 inter
759 1112 1016 1188 epinicia
1063 1112 1421 1171 collocatum
1467 1113 1559 1169 est
1595 1105 1676 1187 (v.
1716 1129 1895 1186 supra
1940 1130 1998 1185 p.
2035 1105 2137 1187 V),
2181 1108 2415 1185 primae

381 1202 662 1277 strophae
710 1200 954 1260 initium
997 1200 1159 1259 idem
1203 1200 1391 1259 etiam
1433 1199 1691 1276 paginae
1737 1199 1871 1274 fuit,
1919 1199 2073 1258 sicut
2115 1217 2272 1257 nunc
2325 1201 2417 1257 est

381 1291 662 1366 strophae
698 1289 1127 1366 paenultimae,
1161 1309 1198 1347 a
1226 1307 1347 1365 qua
1374 1288 1589 1364 incipit
1615 1288 1810 1363 prima
1839 1288 2063 1364 pagina
2088 1286 2415 1363 Kenyonis.

380 1379 624 1438 Habent
686 1381 1019 1455 systemata
1082 1397 1289 1438 versus
1354 1377 1592 1437 vicenos
1656 1380 1884 1452 ternos,
1957 1376 2217 1453 paginae
2291 1376 2416 1434 fere

376 1468 637 1527 tricenos
694 1470 1017 1543 quaternos
1065 1468 1379 1543 quinosve3
1436 1466 1643 1541 itaque
1687 1465 1864 1525 binae
1909 1465 2167 1542 paginae
2225 1467 2414 1541 syste-

381 1557 562 1616 matis
634 1556 824 1615 ternis
898 1557 1224 1631 explentur.
1336 1556 1458 1614 Eas
1532 1557 1735 1613 autem
1806 1554 1955 1613 duas
2037 1573 2190 1630 quae
2275 1556 2416 1612 ante

380 1644 687 1721 Kenyonis
751 1644 1009 1720 primam
1085 1644 1328 1702 fuerunt
1388 1647 1550 1703 totas
1613 1642 1903 1702 fabulosis
1969 1642 2418 1701 narrationibus

379 1735 632 1793 refertas
668 1733 855 1791 fuisse
894 1732 1181 1808 videmuS,
1219 1752 1374 1808 quae
1410 1732 1533 1790 fuit
1557 1732 1825 1807 profecto
1854 1750 1974 1790 non
2000 1732 2197 1807 prima
2223 1731 2414 1790 totius

382 1822 661 1881 carminis
717 1839 884 1896 parS,
942 1820 1044 1879 sed
1098 1821 1323 1893 media3
1381 1821 1518 1879 aliis
1572 1820 1762 1897 igitur
1815 1819 2043 1880 duabus
2101 1823 2241 1879 ante
2306 1821 2417 1880 has

382 1929 530 1988 opus
578 1912 685 1986 est,
731 1928 887 1986 quae
934 1912 1173 1985 praeter
1215 1910 1558 1968 fabularum
1592 1908 1952 1986 principium
1988 1909 2246 1985 primam
2282 1928 2420 1986 par·

381 2003 507 2059 tem
547 1999 664 2076 ipsi
693 1999 981 2059 victoriae
1011 1999 1399 2058 celebrandae
1434 1998 1728 2058 tributam
1767 1998 2128 2058 continuisse
2163 2000 2416 2075 possint.

383 2088 763 2147 Enarrantur
808 2091 1012 2146 autem
1055 2087 1120 2147 in
1173 2089 1514 2165 fragmento
1568 2087 1822 2163 maiore,
1886 2087 2046 2164 quod
2108 2087 2420 2164 Kenyonis

384 2177 671 2254 paginam
731 2176 990 2252 primam
1060 2177 1327 2252 proxime
1399 2177 1745 2252 antecessit,
1818 2177 2051 2236 natales
2113 2177 2423 2253 Euxantii,

384 2266 604 2324 Minois
664 2264 856 2324 Oretis
900 2264 1348 2341 Dexitheaeque
1405 2265 1559 2325 Oeae
1613 2265 1913 2341 nymphae
1959 2265 2096 2338 filii3
2151 2265 2424 2342 priorum

385 2355 860 2431 fragmentorum
897 2358 1317 2431 argumentum
1355 2355 1591 2455 egregie
1627 2354 1958 2414 illustravit
1994 2353 2195 2413 Ellisii
2230 2355 2423 2414 Wila·

384 2443 788 2518 mowitziique
802 2434 852 2523 1>
907 2443 1192 2503 doctrina.
1284 2444 1451 2503 Haec
1498 2443 1658 2502 enim
1702 2442 1767 2502 in
1805 2443 2044 2503 scholiis
2084 2441 2420 2502 Ovidianae

297 2549 301 2554 ·
383 2531 572 2591 Ibidis
616 2532 902 2608 leguntur
938 2527 1044 2609 (ad
1079 2553 1134 2592 v.
1175 2534 1324 2608 475,
1363 2532 1489 2592 cod.
1525 2524 1634 2614 P):
1679 2533 1930 2591 Macedo
1978 2525 2228 2613 (rectius
2273 2533 2423 2591 Ma-

385 2622 502 2681 celo
547 2622 644 2680 vel
688 2621 970 2690 Macell0,
1027 2623 1098 2679 ut
1151 2640 1246 2697 ap.
1292 2621 1577 2680 Nonnum
1640 2623 1742 2696 18,
1774 2612 1886 2701 35)
1942 2622 2074 2694 filia
2125 2621 2426 2681 Damonis

383 2710 599 2769 dieitm
635 2727 766 2768 cum
809 2711 1109 2769 sororibus
1150 2711 1379 2782 fuisse.
1407 2711 1622 2769 harum
1664 2710 1909 2783 hospitio
1952 2727 2101 2769 usus
2144 2710 2424 2784 Iuppiter

385 2791 759 2880 (Apollinem
822 2797 992 2857 addit
1053 2795 1331 2876 Nonnus)
1344 2846 1359 2877 ,
1434 2817 1566 2857 cum
1640 2798 1947 2858 Telchinas
2019 2815 2267 2872 quorum
2331 2800 2426 2858 hic

374 2891 656 2962 princeps
694 2891 821 2947 erat
863 2892 1291 2961 corrumpentes
1334 2889 1565 2946 mvidia
1608 2905 1907 2947 successus
1951 2890 2213 2946 omnium
2257 2889 2422 2960 fruc·

386 2980 553 3035 tuw'm
595 2977 843 3049 fulmine
886 2978 1256 3049 interficeret,
1323 2978 1592 3036 servavit.
1649 2978 1730 3035 ad
1783 2993 1932 3049 quas
1986 2993 2118 3035 cum
2175 2978 2427 3036 venisset

387 3065 609 3134 Minos,
658 3083 789 3123 cwm
822 3065 1086 3123 Dexione
1124 3056 1329 3146 (lectio
1376 3065 1441 3123 in
1487 3065 1666 3124 schol.
1715 3064 1793 3123 ad
1836 3085 1891 3124 v.
1940 3066 2068 3125 469
2108 3057 2423 3147 Dexithoe)

389 3155 714 3230 concubuit,
782 3171 849 3213 ex
912 3172 1031 3227 qua
1095 3156 1313 3213 creavit
1363 3154 1767 3223 Faaxmtiwn,
1831 3154 1987 3212 unde
2038 3154 2427 3214 Euxantidae

383 3243 640 3314 fuerumt.
706 3240 1050 3315 Εὐξαντίδα
1090 3249 1273 3302 νᾶσον
1305 3241 1490 3302 Geum
1526 3242 1710 3302 etiam
1737 3242 2130 3318 Bacchylides
2176 3243 2422 3303 vocavit

2327 3329 2381 3396 δ

571 3450 630 3571 lg
658 3446 799 3501 Ellis
847 3447 1019 3503 Class
1068 3447 1295 3502 Review
1338 3447 1498 3504 Febr.
1552 3452 1688 3502 1898
1725 3466 1778 3517 p.
1828 3452 1911 3501 66.
1959 3464 2010 3501 v.
2038 3444 2425 3503 Wilamowitz

387 3516 540 3571 tht.
632 3516 1216 3588 e1.Anz.1898,126
1256 3536 2033 3587 sq..
