2622 3960
1039 201 1468 279 PRAEFATIO.
1881 266 1888 277 ,
2165 201 2272 256 xv

236 372 385 432 Ceus
432 371 639 447 poeta3
685 371 929 431 Horatii
977 370 1135 430 enim
1180 373 1325 430 sunt
1367 371 1480 428 illa
1516 374 1691 430 nota:
1737 371 2069 430 Pindarum
2108 369 2271 446 quis-

234 462 366 538 quis
405 461 612 520 studet
649 461 943 519 aemulari
980 480 1028 519 e.
1070 480 1124 536 q.
1163 479 1225 536 S.,
1265 462 1452 535 atque
1479 459 1544 518 in
1579 461 1786 520 eodem
1823 459 2110 519 carmine:
2158 478 2271 536 ego

233 551 359 626 apis
393 550 664 609 Matinae
700 569 864 609 more
902 549 1199 625 modoque
1236 552 1413 626 grata
1450 550 1749 625 carpentis
1787 550 1998 624 thyma
2028 568 2075 607 e.
2109 568 2163 624 q.
2194 567 2270 621 s.;

236 659 375 698 nam
420 639 506 697 sic
542 639 936 714 Bacchylides
985 657 1225 715 quoque
1271 637 1344 696 de
1392 657 1481 697 se:
1529 646 1808 708 νασιῶτιν
1855 637 2271 717 λιγύφθογγον

236 725 510 806 μέλισσαν
561 724 690 805 (ΙΧ,
724 719 854 809 10),
901 730 973 785 ut
1020 727 1093 785 ab
1140 727 1247 786 illo
1284 727 1398 785 hoc
1436 747 1678 803 quoque
1716 746 1852 786 cum
1888 727 2097 785 multis
2137 725 2271 784 aliis

231 816 524 876 Horatius
572 816 895 892 sumpsisse
942 816 1237 875 videatur.

409 906 583 964 Nihil
628 905 820 982 igitur
866 924 1017 980 opus
1067 908 1159 964 est
1203 904 1453 963 Pindari
1489 904 1935 980 comparatione
1980 903 2272 962 minorem

234 997 494 1071 poetam,
541 994 647 1053 sed
690 998 895 1053 tamen
940 997 1199 1069 poetam,
1245 1013 1461 1071 urgere
1509 994 1696 1069 atque
1734 993 2062 1069 deprimere
2099 993 2271 1052 velle.

236 1084 480 1143 Statum
517 1083 677 1141 enim
710 1083 1072 1157 inferiorem,
1112 1102 1290 1159 quem
1328 1083 1455 1158 ipse
1494 1082 1610 1141 sibi
1656 1081 1931 1158 sumpsit,
1977 1100 2098 1140 non
2143 1081 2271 1139 sine

230 1173 409 1231 laude
458 1175 683 1247 tuetur,
730 1192 925 1248 neque
962 1171 1245 1249 indignus
1294 1174 1386 1230 est
1433 1172 1540 1248 qui
1576 1191 1639 1230 se
1679 1191 1920 1248 quoque
1958 1170 2272 1229 Musarum

229 1259 546 1342 προφήτην
593 1263 857 1337 appellet
904 1253 1097 1343 (Vm,
1131 1253 1217 1341 3).
1311 1259 1543 1336 Quippe
1600 1260 1808 1320 sedulo
1867 1262 2039 1318 cavet
2085 1278 2159 1317 ne
2206 1259 2270 1316 in

230 1350 624 1410 coHaudando
669 1351 767 1410 vel
802 1349 1062 1409 Hierone
1099 1350 1196 1409 vel
1234 1350 1356 1407 alio
1396 1367 1757 1424 quocunque
1795 1348 2149 1407 immodicus
2189 1349 2272 1406 sit

230 1443 290 1498 et
348 1440 589 1515 effusuS,
655 1439 761 1498 sed
824 1439 976 1497 sacri
1048 1438 1369 1496 ministerii
1433 1438 1528 1497 sui
1592 1456 1820 1496 memor
1893 1440 1953 1495 et
2027 1436 2272 1494 laudem

230 1529 546 1588 dumtaxat
608 1547 812 1587 veram
874 1528 1092 1586 tribuit
1155 1546 1352 1602 neque
1411 1526 1624 1585 reticet
1671 1546 1708 1584 a
1762 1526 1938 1584 Musa
1992 1544 2101 1584 sua
2157 1525 2271 1584 sibi

230 1618 543 1693 imperata.
636 1617 1047 1692 Imperaverat
1106 1619 1314 1674 autem
1369 1619 1443 1675 ut
1494 1617 1765 1674 moneret
1817 1615 2142 1673 Hieronem
2195 1633 2271 1672 ne

111 1774 118 1783 ,
231 1706 532 1764 hominem
596 1725 657 1764 se
723 1724 849 1765 esse
906 1704 1385 1780 oblivisceretur,
1452 1705 1613 1780 quod
1676 1704 1826 1763 facit
1879 1702 2271 1779 Bacchylides

234 1795 594 1854 introductis
644 1794 923 1853 heroibus
971 1794 1344 1870 clarissimis,
1402 1813 1474 1852 ex
1530 1793 1748 1869 quibus
1796 1794 1951 1852 alter
1995 1793 2271 1851 fortunas

229 1903 370 1943 suas
408 1883 785 1943 tristissimas
814 1903 845 1942 e
875 1883 1138 1942 numinis
1178 1884 1270 1941 ira
1307 1886 1543 1942 coortas
1580 1886 1806 1957 narrat,
1844 1883 2015 1957 alter,
2054 1901 2267 1956 nempe

232 1973 522 2033 Hercules
577 1973 705 2049 ipse
719 2019 733 2048 ,
794 1973 918 2033 suis
967 1972 1142 2032 dictis
1190 1972 1490 2048 factisque
1537 1972 1759 2031 inscius
1809 1973 1995 2048 atque
2040 1970 2271 2046 impru-

231 2063 376 2121 dens
424 2062 537 2121 sibi
583 2063 835 2121 exitium
879 2065 1075 2137 parat.
1168 2062 1333 2121 Haec
1379 2061 1570 2139 igitur
1606 2062 1804 2121 voluit
1839 2061 2164 2119 Hieronem
2202 2080 2275 2118 ex

230 2153 327 2211 his
394 2151 703 2228 coHigere:
778 2170 841 2210 sc
917 2170 1159 2227 quoque
1223 2152 1472 2210 deorum
1543 2151 1775 2208 numini
1848 2154 1910 2208 et
1981 2149 2273 2225 potestati

233 2259 550 2316 supremae
597 2259 724 2299 esse
762 2240 1098 2299 subiectum
1133 2259 1331 2316 neque
1367 2258 1541 2316 posse
1575 2240 1836 2317 effugere
1875 2257 2273 2314 quaecunque

234 2330 297 2387 di
357 2330 772 2388 decrevissent.
864 2329 1165 2388 Intererat
1220 2329 1381 2387 enim
1436 2349 1509 2388 ex
1562 2329 1695 2387 aevi
1749 2328 1917 2386 illius
1973 2328 2274 2387 sententia

244 2419 404 2477 inter
450 2438 652 2495 regem
699 2422 760 2476 et
806 2419 983 2477 deum
1029 2437 1150 2477 non
1194 2418 1486 2493 pusillum
1524 2417 1840 2493 quoddam,
1887 2417 1992 2476 sed
2027 2418 2274 2474 tantun-

237 2508 374 2565 dem
420 2508 544 2566 fere
592 2510 892 2583 quantum
935 2507 1094 2565 inter
1137 2510 1362 2565 terram
1408 2509 1592 2582 atque
1648 2507 1882 2565 caelum
1894 2498 1964 2587 ¹),
2020 2524 2272 2580 seroque

239 2595 454 2654 Graeci
485 2596 560 2655 ab
591 2597 837 2655 orientis
856 2596 1098 2672 populis
1129 2595 1465 2654 didicerunt
1491 2614 1660 2672 reges
1689 2595 1970 2670 virosque
1997 2597 2275 2670 potentes

235 2684 409 2743 iuxta
447 2685 587 2744 deos
623 2686 722 2744 vel
767 2685 951 2744 etiam
988 2704 1172 2760 supra
1209 2686 1350 2743 deos
1388 2686 1597 2743 colere.
1665 2682 1850 2742 Cuius
1888 2684 1976 2742 rei
2011 2683 2274 2758 primum

234 2774 577 2849 exemplum
622 2774 915 2833 dederunt
962 2773 1149 2833 Samii
1188 2774 1508 2849 optimates
1547 2792 1583 2831 a
1627 2772 1939 2848 Lysandro
1985 2772 2272 2846 restituti,

230 2863 506 2922 homines
542 2863 862 2922 Persarum
901 2863 1331 2923 consuetudine
1367 2864 1491 2922 iam
1527 2862 1634 2920 diu
1670 2862 1905 2937 infecti;
1951 2860 2275 2919 Persarum

234 2951 397 3010 enim
463 2955 617 3028 erat,
692 2954 765 3010 ut
828 2952 917 3011 ait
977 2951 1298 3027 IsocrateS,
1363 2952 1663 3011 hominem
1726 2951 2043 3010 mortalem
2106 2948 2273 3007 humi

230 3043 571 3116 prostratos
626 3041 878 3100 adorare
943 3044 1004 3099 et
1069 3040 1355 3119 δαίμονος
1417 3041 1655 3100 nomine
1713 3041 2006 3115 salutare,
2063 3041 2275 3098 contra

235 3130 379 3188 deos
428 3130 613 3188 etiam
658 3130 905 3189 minoris
953 3149 1137 3205 quam
1181 3130 1451 3189 homines
1498 3131 1709 3189 facere.
1801 3129 1938 3205 Ipse
1977 3129 2275 3187 Isocrates

419 3371 470 3439 1)
505 3368 668 3424 Pind.
705 3368 774 3424 N.
814 3369 909 3437 VI,
939 3374 971 3421 3
1011 3387 1089 3437 sq.
1129 3369 1294 3437 Pyth.
1333 3370 1402 3436 X,
1432 3376 1515 3423 27.
1591 3368 1932 3441 Intellegent
1999 3369 2145 3438 criti,
2183 3384 2274 3422 me

232 3439 598 3494 vehementer
635 3439 934 3494 dissentire
964 3441 1037 3492 ab
1068 3438 1147 3493 eis
1176 3456 1323 3507 quae
1349 3439 1817 3494 Wilamowitzius
1854 3441 1916 3494 in
1973 3441 2096 3499 ibro
2137 3440 2276 3493 alio-

240 3510 381 3577 quin
419 3511 646 3581 egregio
687 3509 1100 3565 de-Aristotele
1141 3510 1349 3580 scripto
1389 3515 1502 3582 (Ar.
1541 3528 1594 3564 u.
1634 3511 1824 3566 Athen
1860 3513 1902 3582 I,
1933 3519 2035 3566 337
2068 3515 2171 3582 sq.)
2203 3511 2273 3564 de

236 3580 440 3634 eadem
474 3599 532 3636 re
572 3582 898 3652 disputavit.
