2622 3960
920 198 1154 253 INDEX
1189 197 1577 254 NOTARVM.
2131 198 2281 255 LXV

233 358 407 413 huius
428 357 696 413 editionis
716 357 1027 428 inspexerit
1046 359 1483 430 correxeritque.
1537 361 1604 414 In
1630 358 2004 442 praefationis
2030 358 2281 485 plafiulis

236 429 590 501 corrigendis
619 429 907 484 sollertem
935 429 1289 500 amicamque
1319 448 1549 501 operam
1574 432 1720 485 mihi
1744 430 2036 502 praestitit
2062 448 2127 487 co
2174 447 2283 502 ega

235 501 562 556 carissimus
610 500 885 573 Georgius
913 501 1056 556 Wis
1071 518 1272 569 sowa3
1322 502 1571 557 indicem
1610 506 1802 557 autem
1828 502 2124 557 verborum
2152 519 2283 557 con·

233 573 377 628 fecit
422 572 752 627 adulescens
808 572 1170 627 doctissimus
1214 573 1304 629 W.
1356 572 1662 630 Cronert.
1750 573 1966 640 Quibus
2022 573 2281 628 omnibus

232 645 344 699 hoc
378 644 505 698 loco
545 643 770 699 debitas
806 643 1023 715 gratias
1063 661 1188 715 ag0.

694 862 1109 939 INDEX
1163 863 1822 940 NOTARVM.

234 1034 410 1092 Uncis
449 1035 746 1105 quadratis
781 1036 946 1118 ([—])
984 1053 1053 1091 ea
1088 1035 1311 1106 inclusi,
1351 1054 1499 1107 quae
1533 1054 1686 1091 nunc
1719 1054 1836 1093 non
1860 1036 2144 1108 legantur,
2184 1038 2284 1091 sed

417 1107 703 1162 exstitisse
740 1106 878 1162 olim
911 1125 975 1161 in
1002 1108 1203 1163 charta
1286 1108 1407 1164 rob
1421 1107 1607 1163 abile
1644 1108 1735 1163 sit.
1808 1108 1940 1163 Non
1968 1107 2285 1179 significavi

416 1195 564 1248 quae
603 1180 752 1233 cert
765 1195 800 1232 a
834 1180 1056 1234 ratione
1095 1197 1239 1249 supp
1264 1182 1359 1234 eta
1393 1183 1670 1250 putarem.

235 1248 412 1304 Uncis
451 1248 742 1321 angulatis
780 1248 979 1321 (<—>)
1010 1249 1438 1321 circumscripta
1465 1253 1599 1305 sunt
1624 1267 1772 1319 quae
1798 1249 2068 1304 librarius
2098 1266 2285 1306 errore

417 1321 673 1375 omisisse
706 1321 997 1390 putandus
1036 1321 1127 1377 sit.

234 1391 409 1447 Uncis
448 1391 747 1462 quadratis
785 1391 1088 1463 geminatis
1125 1394 1295 1464 ([[—]])
1333 1391 1530 1447 notavi
1566 1391 1715 1462 quae
1753 1408 1938 1447 errore
1974 1392 2037 1446 in
2072 1391 2285 1446 librum

412 1462 634 1518 venisse
669 1463 1122 1533 removendaque
1159 1480 1281 1518 esse
1319 1462 1635 1519 videantur.

233 1533 398 1588 Muta
435 1552 565 1589 cum
600 1533 822 1604 liquida
857 1532 960 1588 ubi
993 1533 1337 1604 positionem
1372 1535 1532 1605 facit,
1572 1534 1856 1605 dirempta
1885 1537 1973 1589 est
2000 1552 2035 1589 a
2061 1533 2284 1604 liquida

413 1606 524 1660 hoc
558 1606 756 1661 modo:
794 1601 891 1674 ’⁶⁸93
928 1605 1031 1659 ubi
1065 1622 1181 1660 non
1216 1605 1375 1676 facit,
1414 1624 1542 1660 cum
1579 1623 1649 1661 ea
1685 1605 2013 1662 coniuncta:
2051 1606 2137 1675 2²⁸9.

231 1676 452 1732 Littera
489 1699 521 1745 ρ
560 1676 649 1732 vel
686 1695 718 1731 σ
755 1676 856 1731 ubi
892 1676 952 1730 in
990 1676 1155 1733 initio
1192 1677 1595 1732 vocabulorum
1631 1677 1910 1733 collocata
1943 1677 2318 1748 positionem,

412 1748 569 1815 facit,
607 1749 716 1803 hoc
741 1748 910 1803 modo
938 1750 1139 1804 notata
1167 1752 1274 1804 est:
1320 1743 1365 1819 ὃ,
1404 1757 1436 1805 ὅ
1465 1749 1642 1819 (velut
1665 1748 1787 1817 XV,
1818 1755 1904 1804 34.
1932 1749 2081 1820 XVI,
2102 1753 2208 1820 90).

231 1818 496 1874 Diductis
522 1819 733 1874 litteris
759 1822 1033 1875 notantur
1059 1819 1338 1875 vocabula
1365 1820 1690 1891 syllabaeve
1728 1837 1876 1890 quae
1912 1821 2114 1877 eadem
2150 1819 2284 1875 sede

411 1891 475 1945 in
513 1890 632 1945 alia
671 1891 905 1960 stropha
940 1894 1247 1947 recurrant.

446 1963 513 2017 In
533 1965 839 2033 conspectu
856 1978 1215 2017 numerorum
1235 1965 1308 2034 (p.
1334 1969 1362 2018 1
1382 1964 1526 2034 sqq.)
1545 1964 1862 2018 membrum
1880 1979 2009 2018 oum
2026 1962 2284 2034 proximo

231 2033 497 2090 vocabuli
534 2034 925 2090 communione
962 2035 1328 2089 coniunctum
1362 2035 1541 2089 habet
1589 2034 1650 2088 in
1700 2037 1951 2090 extremo
1999 2037 2198 2090 notam
2234 2057 2283 2103 -3

234 2108 434 2161 contra
450 2105 617 2160 biatu
645 2105 935 2176 syllabave
963 2105 1204 2176 ancipiti
1231 2106 1577 2176 diremptum
1601 2106 1817 2161 lineola
1847 2106 1857 2180 Ι
1888 2108 2150 2161 notatum
2179 2108 2282 2161 est.

374 2247 637 2303 Dabam
673 2246 873 2302 Halis
913 2247 994 2317 S.‚
1031 2264 1224 2304 mense
1260 2248 1470 2303 Martio
1511 2253 1667 2304 1898.

1459 2392 1842 2462 Fridcricus
1890 2393 2103 2462 BlasS.

337 3681 685 3722 Bnocnrnmns
708 3680 778 3720 od.
797 3680 836 3718 B
848 3679 866 3718 1
878 3691 905 3719 a
918 3690 939 3719 s
954 3690 988 3719 s.
1824 3685 1854 3723 e
1923 3719 1932 3727 ,
