2622 3960
337 153 521 207 XXVI
1145 151 1577 206 PRAEFATIO.

336 321 481 379 lecti
534 340 768 396 semper
819 318 999 379 divisi
1056 324 1225 378 sunt·
1209 348 1809 378 υυυυυυυυυ
1879 338 1986 374 ῦ-
2019 346 2060 373 υ
2091 365 2130 373 -
2164 364 2202 372 ..
2239 314 2382 395 (stt-

344 413 506 485 12
578 411 740 483 78
804 406 2385 486 ep23)atquelnprnmunaepodoet1am

339 499 711 557 acatalectus
755 499 821 556 in
865 498 1079 556 ceteris
1126 498 1332 573 epodis
1379 519 1500 558 non
1537 499 1795 557 divisus·
1779 526 2328 556 ........
2368 498 2378 569 Ι

337 634 373 642 ..
408 634 445 641 -
478 616 519 641 υ
551 634 587 641 -
620 633 673 645 ..
762 588 1043 647 Fortasse
1087 587 1281 663 igitur
1323 588 1444 662 ipsi
1487 587 1868 663 grammatici
1914 588 2099 645 etiam
2134 587 2382 661 saepius

336 677 615 754 periodos
642 697 674 735 e
701 676 859 734 binis
886 675 1167 734 membris
1195 677 1558 751 compositas
1586 676 1969 752 admiserant,
2005 675 2108 735 cui
2134 675 2385 751 quidem

336 767 428 825 rei
480 766 666 824 etiam
711 786 783 824 ex
825 765 1161 823 Pindaricis
1214 765 1456 824 scholiis
1509 765 1656 824 fides
1718 765 1966 824 accedit.
2024 765 2175 822 ,Ter
2220 764 2386 823 enim

339 855 427 913 ibi
489 855 741 930 legitur:
802 852 875 913 τὰ
939 853 1052 913 δύο
1107 853 1215 929 μία
1267 851 1390 912 ἐστὶ
1440 854 1720 934 περίοδος
1776 847 1894 935 (ad
1949 852 2041 913 Ol.
2086 854 2191 929 IX,
2234 855 2386 911 124.

343 945 488 1002 134.
534 944 589 1001 X
630 941 791 1019 [XIL
830 936 972 1023 24),
1017 942 1389 1019 adscriptum
1433 948 1508 1002 ut
1550 943 1794 1002 videtur
1838 944 1915 1002 ab
1954 943 2066 1019 eiS,
2124 942 2236 1018 qui
2280 961 2385 1001 eas

336 1032 614 1108 periodos
659 1032 725 1089 in
768 1031 1036 1089 membra
1080 1050 1193 1090 sua
1238 1032 1670 1091 dissolvissent.
1685 1025 1736 1113 ¹)

513 1122 728 1197 Neque
773 1140 914 1180 vero
958 1121 1303 1196 putaverim
1342 1121 1436 1178 ita
1469 1122 1628 1180 male
1662 1121 1873 1180 fecisse
1908 1121 2384 1196 Aristophanem

336 1213 700 1285 ceterosque,
739 1210 945 1285 quod
926 1230 992 1267 ιιι
1017 1210 1369 1268 universum
1403 1230 1512 1285 per
1547 1211 1680 1269 cola
1713 1211 1862 1268 haec
1899 1209 2166 1268 carmina
2194 1228 2386 1284 quam

335 1319 444 1375 per
485 1299 761 1375 periodos
806 1298 1061 1357 scribere
1105 1299 1469 1357 maluerunt.
1561 1298 1720 1367 Quid
1776 1299 1858 1357 sit
1901 1298 2237 1356 membrum
2281 1299 2387 1356 vel

338 1387 516 1466 πούς,
577 1388 763 1464 probe
827 1388 1073 1460 scimus3
1147 1388 1428 1463 periodus
1493 1408 1734 1463 quoque
1789 1407 1822 1445 e
1876 1387 2034 1446 binis
2099 1387 2386 1446 membris

337 1481 574 1536 structa
619 1480 681 1535 et
725 1480 873 1536 nota
915 1496 1010 1535 res
1049 1479 1141 1534 est
1176 1496 1373 1552 neque
1411 1477 1654 1535 difficile
1692 1476 1895 1535 animo
1933 1476 2386 1552 comprehendi-

336 1570 467 1641 tur,
524 1567 630 1626 sed
673 1565 1045 1626 Boeckhiani
1096 1585 1334 1640 versus,
1393 1566 1502 1641 qui
1556 1585 1691 1624 eam
1747 1585 1990 1641 quoque
2037 1583 2388 1623 mensuram

336 1674 517 1731 saepe
564 1655 870 1755 excedant,
909 1672 1086 1730 aegre
1124 1657 1186 1712 et
1219 1655 1661 1730 intelleguntur
1697 1657 1760 1713 et
1793 1654 2144 1728 recitantur,
2181 1673 2384 1729 neque

340 1745 583 1804 omnino
646 1744 777 1802 eius
839 1743 1225 1818 stropharum
1288 1742 1598 1801 divisionis
1660 1743 1819 1803 ratio
1885 1743 2034 1801 satis
2108 1746 2384 1818 apparet.

340 1831 497 1900 Quid
552 1832 711 1889 enim
767 1850 982 1889 causae
1040 1850 1168 1890 esse
1222 1831 1414 1905 dicas,
1470 1850 1575 1890 cur
1627 1832 1694 1889 in
1747 1830 2054 1890 Pindarici
2099 1832 2386 1891 carminis

340 1918 680 1996 Olympiaci
704 1920 807 1977 IX.
845 1920 1091 1995 stropha
1128 1920 1337 1978 eadem
1363 1876 1542 1996 plane
1570 1920 1864 1978 membra.
1905 1966 1941 1974 -
1968 1937 2068 1973 ῦ
2093 1947 2133 1972 υ
2158 1948 2259 1973 υ-
2286 1948 2391 1975 υ

337 2013 401 2068 et
438 2035 474 2061 ξι
506 2054 546 2063 -
578 2037 618 2062 υ
650 2035 690 2062 υ
722 2054 759 2062 -
794 2054 848 2083 -,
891 2013 1219 2085 postquam
1247 2017 1464 2086 quater
1490 2010 1811 2085 deinceps
1793 2030 1859 2067 ιιι
1886 2009 2161 2086 singulas
2187 2010 2388 2085 perio·

342 2099 450 2157 dos
513 2097 831 2156 coniuncta
894 2100 1059 2172 sunt,
1125 2099 1341 2174 quinto
1405 2099 1536 2157 loco
1590 2099 1790 2158 soluta
1842 2118 1952 2174 per
2004 2117 2069 2157 se
2128 2101 2389 2175 exstant,

340 2187 746 2245 intercedente
773 2186 951 2244 hiatu
975 2187 1330 2262 syllabaque
1358 2184 1662 2262 ancipite?
1687 2187 1939 2245 Accedit
1958 2189 2123 2262 quod
2139 2187 2390 2247 minime

341 2275 570 2350 ubique
616 2277 849 2333 certum
893 2280 1077 2351 atque
1121 2276 1442 2334 indubium
1487 2279 1596 2350 est,
1642 2295 1763 2350 qua
1807 2276 2043 2335 ratione
2081 2277 2206 2335 sint
2240 2276 2386 2335 Pin·

343 2364 476 2422 dari
528 2382 736 2422 versus
793 2364 1190 2440 dispescendi,
1246 2367 1434 2440 atque
1482 2363 1780 2422 Christius
1834 2384 2026 2440 nuper
2071 2385 2142 2425 eo
2188 2385 2389 2442 usque

337 2453 645 2529 processit,
673 2455 743 2510 ut
768 2454 867 2512 vel
893 2454 1055 2511 intra
1082 2472 1324 2512 versum
1350 2453 1649 2528 syllabam
1667 2454 1992 2528 ancipitem
2019 2454 2390 2514 admitteret.

339 2542 523 2617 Apud
566 2542 992 2617 Bacchylidem
1037 2544 1240 2600 autem
1282 2543 1548 2618 primum
1591 2542 1655 2598 in
1702 2542 1982 2600 carminis
2019 2542 2093 2599 V.
2133 2545 2388 2620 stropha

336 2650 543 2691 versus
609 2630 896 2690 ultimum
949 2631 1509 2707 paenultimumque
1553 2630 1713 2688 inter
1755 2649 1818 2689 se
1864 2630 2058 2689 artius
2105 2633 2392 2692 coniunc-

336 2722 435 2779 tos
499 2739 627 2779 esse
692 2722 968 2796 apparet,
1034 2740 1172 2779 cum
1236 2720 1317 2777 sit
1370 2718 1477 2776 ubi
1529 2718 1746 2792 prioris
1799 2719 1935 2777 finis
1987 2719 2053 2776 in
2117 2721 2393 2780 medium

337 2809 702 2869 vocabulum
762 2809 1016 2882 incidat3
1087 2808 1402 2883 reperitur
1450 2809 1656 2864 tamen
1719 2808 1903 2865 semel
1968 2807 2178 2867 eodem
2252 2811 2390 2870 loco

336 2898 573 2973 syllaba
619 2916 837 2972 anceps
894 2890 1111 2978 (189)·
1156 2893 1354 2974 χερσὶν
1391 2890 1783 2971 ἀπωσάμενον
1823 2890 1833 2973 Ι
1873 2894 1936 2954 εἴ
1962 2917 2068 2966 τις.
2151 2897 2390 2957 Verum

336 2986 425 3045 ibi
473 2987 717 3062 quidem
763 2987 825 3043 et
870 2985 1350 3044 emendationem
1394 2982 1633 3040 facilem
1683 2976 2246 3067 (ἀπωσαμένουςῗῇ
2294 2989 2386 3047 in-

337 3076 589 3150 veneris,
620 3077 681 3133 et
710 3074 1167 3149 explicationem
1194 3072 1433 3145 iustam,
1466 3089 1621 3145 quae
1649 3071 1810 3130 infra
1845 3072 1996 3129 mihi
2033 3077 2392 3149 exponenda

336 3165 445 3222 est.
532 3164 690 3222 Tum
732 3163 797 3219 ιιι
844 3162 1058 3221 decimi
1105 3159 1294 3235 epodo
1340 3159 1487 3217 haec
1521 3159 1683 3217 inter
1718 3179 1780 3218 se
1816 3161 2209 3235 respondent:
2258 3157 2389 3247 (α’)

332 3260 571 3331 γνῶμαι
605 3251 1048 3330 πολύπλαγκτοι
1084 3250 1317 3328 βροτῶν
1358 3243 1367 3325 Ι
1408 3243 1670 3327 ἅμερσαν
1706 3245 2034 3326 ὑπέρτατον
2075 3247 2143 3309 ἐκ
2171 3261 2390 3333 χειρῶν

519 3458 572 3525 1)
606 3454 675 3522 Χ,
705 3460 774 3506 24
812 3453 1044 3507 additur
1080 3451 1153 3517 ιζ’
1194 3451 1497 3523 συλλαβῶν.
1565 3450 1645 3505 Cf.
1676 3450 1952 3506 Christius
1980 3452 2147 3510 Pind
2173 3474 2232 3524 p.
2262 3457 2394 3517 XV

339 3531 398 3599 2)
434 3527 524 3581 Ita
560 3526 733 3592 Platt,
770 3513 1074 3578 Hofisman.
