2622 3960
365 171 571 225 XXXII
1173 166 1606 222 PRAEFATIO.

366 340 492 399 sive
538 339 623 398 sic
669 337 920 413 dividae,
966 339 1038 395 ut
1084 336 1207 395 sint
1257 338 1544 412 quattuor
1586 335 1792 411 pedeS,
1840 335 1964 394 sive
2012 335 2123 411 sic,
2171 338 2241 394 ut
2288 336 2405 396 duo

366 428 489 487 sint
535 448 566 487 e
610 427 768 486 binis
816 425 1158 502 compositi,
1203 425 1474 484 manebit
1528 443 1762 500 semper
1804 424 2071 500 partium
2116 424 2404 501 inaequa-

364 517 532 593 litas,
588 535 775 592 quam
818 515 883 574 in
930 515 1208 591 enhoplio
1256 514 1556 590 significat
1613 514 1811 573 Plat0.
1902 513 2105 590 Atque
2153 514 2279 573 sive
2330 513 2405 572 ab

366 607 487 666 arsi
541 622 824 664 numerus
879 604 1117 680 incipit,
1172 605 1242 661 ut
1295 603 1360 660 in
1406 594 1453 662 ὦ
1498 600 1602 663 τὸν
1647 601 1857 673 πίτυος
1903 599 2222 680 στέφανον,
2281 603 2407 662 sive

366 715 404 754 a
449 695 622 770 thesi,
668 696 738 752 ut
783 694 848 751 in
894 700 1077 770 μῆνιν
1124 688 1283 751 ἄειδε
1330 689 1447 751 θεὰ
1492 693 1649 769 Πη-,
1704 690 1769 749 id
1824 691 2226 751 differentiam
2288 711 2410 751 non

365 784 529 859 facit,
576 803 650 842 ne
696 782 955 842 nominis
1004 780 1260 858 quidem,
1309 781 1361 839 si
1406 780 1666 840 Bacchio
1712 780 1857 839 fides
1906 783 2022 856 est3
2078 780 2183 839 sed
2226 780 2411 840 habet

366 873 680 948 enhoplius
743 889 1024 930 numerus
1092 870 1238 929 duas
1311 870 1420 928 has
1486 869 1729 945 specieS,
1794 889 1864 927 ex
1930 868 2147 944 quibus
2213 871 2410 929 altera

352 962 744 1038 ,dactylorum
789 960 1046 1019 formam
1091 960 1291 1034 refert,
1353 959 1546 1021 altera
1593 961 2073 1034 anapaestorum.
2176 959 2410 1035 Nempe

365 1051 568 1126 ipsum
615 1068 856 1125 quoque
910 1045 1059 1108 κατὰ
1114 1047 1406 1107 δάκτυλον
1466 1039 1624 1118 εἶδος
1688 1051 2045 1123 anapaestos
2090 1048 2227 1123 pari
2274 1048 2410 1106 iure

366 1140 685 1198 admittere
733 1137 1075 1213 Stesichori,
1118 1137 1302 1212 Ibyci,
1344 1136 1681 1212 Simonidis»,
1728 1155 1889 1197 nunc
1927 1137 2111 1195 etiam
2136 1136 2405 1212 Bacchy-

367 1228 506 1287 lidis
551 1228 842 1304 reliquiae
895 1226 1126 1286 docent.
1218 1226 1399 1285 Mitto
1447 1227 1654 1285 autem
1699 1244 1859 1284 nunc
1908 1244 2212 1301 quaerere,
2262 1226 2413 1301 quid

367 1318 525 1376 inter
590 1316 939 1392 enhoplium
1000 1315 1540 1392 prosodiacumque
1613 1314 1879 1390 intersit,
1958 1334 2114 1390 quae
2189 1334 2412 1392 genera

368 1408 528 1466 certe
584 1406 790 1465 affinia
843 1405 1001 1464 inter
1060 1423 1122 1462 se
1167 1404 1434 1462 fuerunt.
1524 1403 1956 1464 Prosodiacum
2010 1403 2411 1463 Aristoxenus

365 1514 608 1556 vocasse
645 1495 887 1555 videtur
912 1494 1072 1553 hunc
1098 1512 1440 1551 numerum.
1477 1511 1515 1546 ε
1550 1518 2015 1546 υυυυυυ
2052 1512 2088 1545 2
2127 1484 2211 1574 (v
2240 1492 2411 1551 Plut

368 1586 440 1643 de
496 1603 646 1643 mus.
703 1603 750 1642 c.
810 1574 951 1664 28),
1008 1582 1116 1658 qui
1170 1585 1262 1640 est
1317 1582 1476 1640 idem
1523 1581 1836 1656 enhoplius
1884 1579 2138 1640 dimeter
2190 1581 2411 1658 hyper-

366 1674 711 1733 catalectus
801 1672 1018 1730 Melius
1056 1671 1269 1747 utique
1307 1671 1423 1729 erit
1459 1690 1581 1729 uno
1618 1669 1857 1730 nomine
1894 1669 2005 1744 uti,
2056 1688 2122 1728 eo
2163 1670 2413 1746 quidem

369 1762 532 1839 quod
570 1760 940 1837 antiquiores
978 1761 1162 1819 testes
1198 1759 1398 1835 habet,
1435 1758 1902 1834 Aristophanem
1937 1758 2411 1835 Platonemque·
2396 1805 2411 1835 ,

367 1853 634 1911 ceterum
688 1850 842 1908 aliae
898 1850 1041 1907 sunt
1094 1849 1322 1908 formae
1375 1847 1769 1923 Aristophani
1831 1848 2093 1906 usitatae
2107 1893 2122 1924 ,
2190 1848 2413 1924 quibus

367 1939 704 2017 prosodiaci
751 1938 1078 2015 appellatio
1125 1937 1432 2015 tribuitur,
1480 1936 1745 2013 enhoplii
1790 1955 1909 1997 non
1955 1936 2263 1996 tribuitur.

551 2028 686 2087 Sint
741 2028 931 2105 igitur
985 2028 1098 2087 hae
1154 2027 1421 2103 enhoplii
1473 2027 1676 2087 variae
1732 2026 1959 2085 formae
2025 2045 2150 2085 una
2212 2026 2413 2105 figura

371 2119 857 2194 comprehensae:
914 2118 990 2188 (Ξ)
1028 2162 1063 2171 -
1098 2143 1137 2170 υ
1169 2144 1207 2169 υ
1242 2162 1279 2170 -
1314 2143 1353 2169 υ
1386 2143 1425 2169 υ
1457 2161 1492 2169 -
1530 2118 1622 2186 (2).
1711 2114 1958 2190 Syllaba
2015 2135 2169 2191 quae
2224 2116 2415 2191 priori

372 2207 610 2284 dactylo
658 2206 762 2283 qui
805 2206 1046 2265 videtur
1092 2204 1379 2280 anteponi
1423 2206 1626 2281 potest
1661 2204 2016 2280 plerumque
2062 2204 2262 2282 longa,
2310 2205 2416 2263 sed

368 2296 674 2355 interdum
718 2295 915 2355 brevis
963 2298 1079 2353 est:
1126 2293 1189 2352 id
1233 2294 1395 2369 quod
1439 2293 1503 2351 in
1547 2293 1754 2351 multis
1791 2292 2062 2352 versibus
2101 2294 2176 2352 ab
2213 2294 2412 2354 ionico

375 2386 479 2461 qui
526 2405 562 2443 a
607 2385 832 2445 maiore
895 2384 1117 2443 dicitur
1169 2382 1593 2459 incipientibus
1648 2383 1849 2442 locum
1902 2382 2120 2441 habere
2176 2383 2415 2442 metrici

373 2474 603 2534 docent.
692 2474 849 2532 Item
908 2493 979 2532 ea
1034 2491 1191 2549 quae
1251 2472 1509 2530 alterum
1565 2473 1960 2547 anapaestum
2017 2472 2124 2547 qui
2169 2472 2415 2531 videtur

373 2563 548 2639 sequi
592 2564 812 2640 potest,
860 2565 922 2621 et
956 2563 1139 2639 longa
1174 2561 1481 2620 invenitur
1518 2563 1580 2619 et
1614 2560 1916 2618 interdum
1951 2560 2166 2619 brevis».
2231 2561 2417 2620 quta

370 2653 627 2712 formam
650 2698 684 2706 -
719 2679 756 2706 υ
791 2679 828 2705 o
863 2697 900 2706 -
934 2679 972 2704 υ
1006 2679 1045 2704 υ
1079 2696 1114 2705 -
1149 2650 1493 2708 εὴεὼθῐηιιε
1513 2649 1927 2709 catalecticam
1961 2695 1994 2703 -
2023 2676 2061 2702 υ
2086 2677 2123 2702 υ
2151 2695 2186 2703 -
2213 2677 2251 2702 υ
2277 2677 2315 2703 o
2342 2673 2411 2718 —3

373 2742 545 2800 iuxta
589 2760 626 2794 x.)
663 2786 697 2794 ,
732 2767 771 2794 υ
804 2766 841 2793 υ
877 2785 912 2794 -
947 2766 986 2794 υ
1019 2766 1056 2793 υ
1092 2785 1127 2793 ..
1174 2739 1588 2798 catalecticam
1642 2757 1966 2814 nusquam,
2032 2737 2135 2796 sed
2197 2738 2413 2814 hyper-

371 2830 788 2889 catalecticam
832 2848 869 2881 aa
904 2874 938 2882 ..
976 2856 1013 2881 υ
1046 2855 1085 2882 υ
1119 2874 1154 2882 ..
1188 2854 1228 2881 υ
1262 2855 1300 2881 o
1336 2872 1373 2881 -
1406 2846 1475 2882 ε.
1577 2827 1709 2885 Iam
1765 2826 1994 2886 accedit
2059 2827 2218 2901 quod
2282 2829 2412 2887 loco

370 2919 704 2979 ionicorum
760 2920 820 2976 et
877 2917 1358 2976 choriamborum
1414 2915 1597 2974 etiam
1655 2915 1982 2975 ditrochaei
2040 2918 2101 2974 et
2165 2916 2415 2975 diiambi

372 3007 800 3082 immiscentur,
845 3006 1138 3082 producta
1182 3006 1534 3080 plerumque
1583 3007 1775 3063 altera
1822 3004 1969 3063 arsi.
2015 3004 2172 3063 unde
2208 3022 2414 3064 recens

372 3116 591 3156 nomen
625 3096 888 3171 dactylo·
894 3094 1332 3171 epitriticorum
1358 3094 1546 3152 fluxit.
1611 3094 1964 3171 Agnoscunt
1976 3093 2190 3170 horum
2209 3114 2414 3152 nume-

371 3205 576 3244 rorum
613 3185 890 3242 intimam
927 3183 1345 3261 cognationem
1380 3183 1606 3242 scholia
1638 3182 1961 3242 Pindarica
1973 3175 2044 3263 ¹),
2083 3165 2415 3241 declarant-

554 3321 605 3389 1)
642 3319 817 3372 Velut
864 3337 917 3388 p.
958 3323 1025 3371 88
1073 3316 1302 3370 Boeckh
1340 3317 1410 3370 de
1450 3315 1534 3371 Ol.
1573 3315 1653 3369 III
1690 3318 1786 3370 str.
1825 3334 1874 3370 v.
1916 3322 1973 3371 2.
2029 3317 2415 3383 προσοδιακὸν

370 3389 665 3459 τρίμετρον
720 3409 1649 3476 --υυ,-υυ-,..-υυ;
1714 3389 1837 3440 tum
1892 3386 1963 3441 de
2010 3383 2108 3441 3¹²:
2176 3390 2411 3455 πρ.οσοδ

371 3464 514 3531 τρίμ.
574 3464 783 3531 καταλἿ
841 3461 956 3515 ἀπὸ
1001 3466 1302 3529 τροχαϊκῆς
1349 3456 1608 3530 συζυγίας
1654 3459 1782 3513 ἀντὶ
1828 3466 1928 3512 τοῦ
1977 3455 2080 3511 ἀπ’
2133 3456 2204 3513 ἐλ.
2265 3459 2413 3513 ἰων.ε

371 3573 1197 3620 .............
1232 3552 1292 3603 Λ.
