2622 3960
1018 178 1448 233 PRAEFATIO.
2120 174 2260 233 XXI

212 351 274 408 et
317 349 477 407 male
525 366 762 407 conexa.
853 347 1115 407 Fabulas
1152 348 1348 426 igitur
1381 348 1645 406 intextas
1683 347 1908 406 habent
1942 347 2090 406 haec
2129 366 2254 406 car-

211 438 403 497 mina:
450 437 497 496 Ι.
542 437 652 495 ΠΙ.
689 437 763 495 V.
802 437 968 495 VIII.
1006 437 1076 494 X.
1105 438 1239 512 XII,
1285 456 1406 496 non
1449 436 1675 496 habent
1717 440 1958 512 praeter
1983 437 2252 496 brevius-

218 527 358 586 cula
411 526 491 584 H.
547 526 650 584 IV.
707 526 797 583 VI
852 525 1038 584 etiam
1100 526 1235 583 VH.
1300 526 1388 583 IX
1454 528 1515 584 et
1577 529 1650 584 ut
1700 526 2041 601 putaverim
2094 525 2261 600 XIII,

217 616 389 675 cuius
438 614 688 673 dimidia
731 633 872 690 pars
900 615 1016 674 -vel
1062 615 1257 674 minus
1305 634 1376 675 eo
1424 617 1644 687 exstat3
1693 614 1765 672 de
1810 615 1897 672 XI
1932 615 2084 673 nihil
2122 614 2260 673 sciri

218 707 435 781 potest.
550 703 767 779 Itaque
829 706 900 762 ut
964 723 1001 762 a
1063 704 1173 762 III.
1237 704 1482 762 initium
1535 703 1779 779 faciam,
1856 704 2002 780 quin
2059 702 2261 762 Croesi

220 793 434 852 fabula
487 793 573 851 ibi
635 796 884 851 narrata
947 812 1067 852 non
1124 793 1486 852 extrinsecus
1543 792 1625 851 sit
1683 792 2093 868 superaddita,
2159 792 2263 850 sed

220 883 508 954 interiore
555 901 710 940 nexu
756 882 1089 957 cohaereat,
1127 882 1353 940 nemini
1390 881 1638 939 dubium
1674 900 1802 941 esse
1836 884 2051 957 potest.
2119 880 2261 939 Sen-

219 972 417 1030 tentia
465 971 625 1029 enim
673 990 858 1047 quam
901 971 1186 1046 proponit
1237 974 1426 1046 poeta,
1465 991 1522 1030 v.
1570 973 1651 1028 21
1703 990 1809 1046 sq.,
1867 991 1937 1030 ex
1981 969 2261 1029 Hieronis

219 1080 363 1138 erga
408 1060 758 1135 Apollinem
793 1059 1201 1119 munificentia
1238 1060 1519 1119 deducta:
1566 1057 1714 1119 θεὸν
1751 1058 1901 1120 θεόν
1937 1081 2024 1131 τις
2061 1056 2261 1139 ἀγλαϊ-

221 1147 389 1225 ζέτω,
448 1144 481 1207 ὃ
537 1146 650 1228 γὰρ
705 1146 943 1228 ἄριστος
998 1146 1220 1228 ὄλβων,
1276 1169 1349 1208 ea
1396 1150 1529 1224 ipsa
1576 1148 1780 1207 Croesi
1825 1148 2062 1223 fabula,
2111 1166 2266 1223 quae

221 1239 429 1298 statim
477 1237 708 1296 adnexa
755 1241 863 1313 est,
912 1257 1094 1313 quam
1140 1239 1365 1313 optime
1412 1238 1773 1313 illustratur,
1820 1241 1959 1312 post
1993 1237 2266 1295 fabulam

224 1331 426 1386 autem
480 1326 707 1385 reditus
763 1326 833 1386 fit
888 1326 966 1385 ad
1010 1327 1337 1386 Hieronem
1393 1327 1838 1401 comparatione
1883 1326 2043 1384 inter
2087 1326 2264 1383 illum

223 1416 622 1491 Croesumque
668 1416 966 1475 instituta.
1061 1415 1178 1474 Sed
1223 1416 1287 1474 in
1327 1415 1538 1490 quinto
1586 1415 1845 1473 carmine
1885 1413 2032 1490 quid
2066 1414 2262 1472 simile

217 1507 376 1564 inter
412 1505 740 1564 Hieronem
785 1507 847 1563 et
883 1505 1254 1581 Meleagrum
1299 1504 1426 1563 sive
1461 1501 1826 1562 Herculem?
1871 1503 2042 1561 Nihil
2089 1521 2265 1575 sane3

220 1614 430 1654 verum
456 1593 579 1653 alia
608 1597 965 1670 argumenta
992 1594 1177 1652 aliam
1203 1593 1628 1651 tractationem
1653 1591 1995 1668 poscebant.
2053 1589 2265 1650 Osten-

222 1683 358 1746 dere
386 1684 582 1742 voluit
607 1682 1015 1759 Bacchylides,
1054 1685 1125 1741 ut
1159 1682 1283 1740 iam
1318 1685 1500 1740 antea
1537 1682 1676 1758 dixi,
1714 1681 1892 1740 sortis
1932 1680 2265 1740 communis

223 1772 520 1831 humanae
567 1771 847 1830 miseram
903 1772 1335 1847 condicionem,
1393 1791 1466 1829 ex
1512 1790 1632 1847 qua
1676 1789 1846 1847 reges
1893 1789 2013 1829 non
2068 1768 2264 1846 magis

227 1880 405 1937 quam
454 1860 638 1919 ceteri
692 1861 977 1919 mortales
1035 1864 1233 1919 essent
1288 1860 1574 1935 exempti3
1632 1878 1750 1918 non
1814 1859 2004 1936 igitur
2064 1857 2268 1935 potuit

227 1949 676 2027 comparatione
723 1950 831 2025 uti,
881 1969 1015 2010 cum
1060 1968 1180 2009 non
1225 1950 1507 2009 naeniam
1553 1949 1824 2026 aliquam
1879 1951 2120 2009 caneret
2165 1946 2270 2007 sed

228 2039 517 2100 victoriae
603 2040 894 2115 equestris
977 2040 1278 2099 laetitiam
1362 2039 1704 2098 celebraret.
1821 2038 2035 2114 Itaque
2123 2038 2270 2096 haec

227 2128 516 2205 Meleagri
553 2127 948 2204 Herculisque
986 2128 1197 2187 fabula
1233 2148 1354 2187 non
1381 2128 1650 2187 illustrat
1678 2130 1817 2186 ante
1847 2127 2024 2203 dicta,
2055 2127 2269 2203 quibus

230 2218 548 2278 victoriam
593 2220 942 2293 ceterasque
978 2217 1258 2277 Hieronis
1295 2217 1502 2275 laudes
1550 2218 1861 2292 extulerat,
1899 2216 2004 2275 sed
2040 2219 2271 2275 contra—

228 2309 428 2382 posita
506 2311 615 2365 est.
724 2306 1132 2382 Praeparatur
1208 2310 1414 2365 autem
1495 2304 1806 2364 sententiis
1882 2304 2272 2382 quibusdamt

231 2398 310 2456 36
368 2385 438 2456 εὖ
497 2393 689 2474 ἔρδων
752 2391 816 2454 δὲ
876 2392 957 2473 μὴ
1014 2394 1194 2473 κάμοι
1247 2394 1423 2473 θεός,
1489 2397 1550 2453 et
1613 2394 1881 2472 generali
1943 2394 2052 2452 illa
2116 2412 2272 2469 quae

226 2486 496 2561 proxime
553 2488 693 2543 ante
749 2484 1024 2543 fabulam
1075 2483 1278 2560 posita
1335 2488 1426 2543 est
1485 2481 1597 2561 (53
1654 2476 1842 2565 sqq.):
1900 2482 1972 2543 οὐ
2027 2482 2138 2562 γάρ
2185 2504 2272 2552 τις

227 2571 598 2652 ἐπιχθονίων
643 2573 839 2633 πάντα
872 2567 930 2650 γ’
962 2571 1264 2651 εὐδαίμων
1310 2571 1442 2650 ἔφυ.
1526 2573 1712 2633 Porro
1748 2573 1814 2630 in
1850 2572 2111 2630 carmine
2138 2570 2273 2628 XII.

228 2663 423 2722 victor
480 2666 570 2722 est
614 2664 1052 2738 pancratiasta,
1105 2662 1308 2738 patria
1353 2662 1589 2739 Aegina
1636 2660 1968 2719 Salaminia
2020 2659 2275 2719 victoria

224 2751 478 2828 insignis
545 2752 873 2827 eademque
937 2751 1341 2811 Aeacidarum
1403 2751 1655 2810 heroum
1716 2749 2136 2826 indigenarum
2207 2748 2272 2805 in

224 2841 421 2900 tutela
495 2858 705 2917 agens,
780 2840 880 2899 vix
947 2841 1139 2918 igitur
1202 2840 1397 2899 dicere
1463 2858 1611 2916 opus
1686 2842 1801 2915 est,
1878 2856 2060 2914 quam
2133 2839 2271 2912 apte

224 2930 494 3005 mythica
529 2948 670 3004 pars
706 2929 911 2989 Aiacis
949 2929 1327 3006 Achillisque
1365 2929 1527 3005 apud
1555 2928 1798 2987 Troiam
1834 2927 2073 2986 fortiter
2108 2926 2274 2985 facta

232 3020 487 3077 enarret.
579 3018 769 3077 Aeaci
812 3019 1127 3096 progenies
1177 3019 1362 3077 etiam
1404 3019 1470 3076 in
1504 3017 1670 3075 VIII.
1721 3016 2079 3091 celebratur,
2128 3015 2276 3091 quia

231 3107 516 3165 nimirum
572 3110 633 3166 et
686 3108 790 3165 ille
836 3107 1073 3185 Aegina
1126 3108 1419 3183 nympha,
1479 3106 1669 3181 Asopi
1712 3105 1866 3181 filia,
1923 3107 2089 3164 ortus
2145 3122 2275 3163 esse

227 3195 581 3255 credebatur
627 3199 688 3256 et
723 3196 932 3255 Phlius
978 3197 1223 3256 victoris
1260 3196 1463 3272 patria
1500 3194 1752 3253 fluvium
1787 3195 2060 3269 Asopum
2092 3193 2272 3252 habe·

227 3284 350 3361 bat,
397 3284 502 3344 sed
549 3284 624 3344 ob
671 3285 876 3344 foedas
924 3286 1050 3344 eius
1089 3285 1370 3344 carminis
1407 3285 1653 3343 lacunas
1688 3284 2025 3360 ignoratur,
2053 3282 2274 3358 quibus

228 3374 564 3433 rationibus
609 3378 790 3449 poeta
837 3393 936 3434 eas
982 3374 1068 3432 ibi
1114 3375 1353 3434 fabulas
1401 3375 1709 3432 exsecutus
1757 3373 1852 3431 sit.
1934 3372 2007 3431 In
2045 3371 2274 3430 decimo

230 3465 432 3522 autem
495 3463 758 3522 carmine
820 3464 1060 3523 videtur
1122 3482 1264 3523 sane
1328 3461 1503 3521 tenui
1571 3461 1677 3520 filo
1737 3461 1947 3521 Proeti
2010 3460 2274 3519 filiarum

231 3551 437 3611 fabula
473 3571 608 3611 cum
643 3552 872 3612 victore
900 3550 1317 3628 Metapontino
1348 3568 1571 3611 conexa
1608 3568 1753 3626 esse,
1801 3571 2012 3626 nempe
2041 3548 2277 3609 Dianae
