2622 3960
976 163 1405 218 PRAEFATIO.
2013 164 2217 219 XLVII

179 351 397 410 genere
433 331 763 390 Pindarum
799 350 1095 408 nusquam
1129 351 1305 391 usum
1341 350 1467 391 esse
1496 332 1730 391 metrici
1765 333 1954 392 nostri
1985 332 2216 408 docent,

181 421 287 482 sed
340 438 482 480 usos
539 438 665 479 esse
723 439 858 478 cum
912 421 1048 481 aliis
1106 420 1511 480 Stesichorum
1558 419 2055 497 Simonidemque.
2150 420 2217 479 Si

179 512 382 569 essent
428 508 656 586 dactyli
702 527 837 567 cum
873 511 1215 585 anapaestis
1250 510 1406 586 puri,
1450 510 1614 569 haud
1658 510 1899 570 difficile
1937 529 2215 570 numeros

177 599 639 674 explicaremus,
687 597 810 657 sive
855 602 1015 658 recte
1063 598 1187 659 sive
1233 599 1431 658 minus
1476 602 1660 675 recte3
1715 618 1873 658 nunc
1918 618 2053 658 cum
2108 599 2217 658 alii

176 687 414 747 numeri
442 687 619 747 valde
648 686 883 745 obscuri
911 687 1163 746 admixti
1191 689 1330 762 sint,
1369 688 1644 764 equidem
1678 707 1891 748 manus
1924 688 2212 748 abstineo.

358 776 451 834 De
480 775 810 835 carminum
847 778 1050 835 autem
1086 777 1513 853 compositione
1548 778 1696 836 haec
1732 777 2028 837 monenda
2057 779 2212 836 sunt.

175 865 495 940 Nusquam
550 861 1003 942 ἀπολελυμένοις
1057 868 1238 941 poeta
1299 884 1443 925 usus
1503 885 1628 926 esse
1674 866 1936 941 videtur,
1993 866 2097 924 sed
2150 866 2215 923 in

178 955 461 1029 strophas
489 954 616 1014 sive
644 954 920 1028 strophas
949 972 1084 1012 cum
1112 955 1300 1031 epodo
1332 955 1533 1013 omnia
1559 955 1873 1034 redegisse.
1887 947 1938 1035 1)
2034 953 2215 1034 Τριὰς

173 1036 457 1127 ἐπῳδικῆ
486 1042 552 1100 in
598 1041 870 1101 omnibus
917 1043 1185 1118 epiniciis
1221 1044 1548 1103 maioribus
1586 1047 1694 1119 est,
1739 1044 1888 1103 item
1923 1044 1987 1102 in
2015 1044 2214 1119 dithy-

174 1131 401 1191 rambis
412 1131 867 1207 XIv—XVHI,
876 1135 1116 1207 praeter
1132 1153 1320 1191 unum
1338 1151 1575 1192 carmen
1584 1133 1784 1191 XVII:
1806 1133 2025 1208 quippe
2047 1133 2214 1192 cuius

177 1220 534 1296 compositio
556 1220 877 1295 peculiaris
901 1220 1119 1297 epodos
1147 1241 1267 1281 non
1294 1221 1658 1280 admitteret.
1717 1220 2009 1297 Strophae
2037 1222 2214 1280 binae

179 1309 307 1368 sine
347 1309 539 1385 epodo
579 1311 719 1367 sunt
751 1308 817 1367 in
845 1310 1114 1385 epiniciis
1141 1309 1532 1370 breviusculis
1568 1310 1671 1367 IV.
1711 1313 1774 1369 et
1807 1310 1921 1383 VI3
1966 1312 2216 1386 propter

178 1397 590 1457 condicionem
616 1398 895 1456 mutilam
923 1399 1273 1474 compositio
1302 1418 1422 1457 non
1451 1401 1704 1473 apparet
1730 1399 1793 1456 in
1831 1398 2211 1474 dithyrambo

178 1487 335 1545 XIX.
414 1485 628 1546 Cetera
667 1490 1015 1564 conspectus
1051 1506 1435 1546 numerorum
1470 1486 1630 1545 infra
1665 1487 1896 1563 positus
1930 1487 2213 1547 declarat.

490 1727 605 1794 IV.
670 1727 1301 1796 ARGUMENTA
1352 1727 1909 1796 GARMINUM.

957 1873 1020 1924 A.
1078 1873 1437 1925 EmmKOI.

358 1985 406 2044 Ι.
472 1985 792 2062 Inscriptio
832 2005 967 2044 cum
1002 1986 1200 2061 priore
1236 1989 1410 2062 parte
1449 1986 1729 2045 carminis
1764 1985 1969 2062 periit3
2008 1985 2218 2044 eadem

184 2078 390 2135 autem
444 2075 698 2135 victoria
754 2077 814 2133 et
865 2076 978 2134 hoc
1025 2077 1086 2133 et
1132 2076 1324 2134 altero
1372 2075 1634 2134 carmine
1680 2075 1941 2150 canitur,
1987 2074 2081 2133 cui
2127 2075 2215 2132 in-

185 2164 477 2240 scriptum
516 2168 607 2223 est
640 2167 721 2247 τῷ
758 2161 934 2246 αὐτῷ.
1025 2164 1164 2223 Non
1207 2164 1455 2223 dubium
1499 2164 1644 2240 quin
1683 2159 1940 2243 Ἀργεῖος
1988 2158 2044 2240 (Ι
2074 2163 2128 2238 d,
2157 2165 2216 2221 4.

182 2253 259 2329 Π,
289 2256 331 2312 4
381 2245 499 2334 sq.)
547 2271 764 2311 nomen
799 2252 1046 2312 victoris
1093 2253 1190 2328 sit,
1234 2253 1428 2329 patris
1455 2253 1784 2312 Panthides
1815 2244 2215 2333 (Πανθείὸης,

179 2362 233 2401 v.
279 2342 312 2400 I
359 2342 399 2400 d
449 2346 505 2402 9.
561 2342 640 2416 Π,
682 2333 821 2423 14),
885 2341 1087 2417 patria
1143 2340 1308 2401 Ceos.
1409 2342 1639 2417 Nempe
1693 2341 1869 2420 Argii
1930 2342 2216 2401 victorias

182 2431 366 2490 etiam
421 2430 642 2507 lapidis
699 2429 803 2489 Cei
858 2430 1245 2505 inscriptione
1299 2433 1556 2489 testatas
1614 2431 1901 2489 habemus
1958 2422 2218 2511 (monuit

178 2519 697 2596 Wilamowitzius,
744 2520 891 2578 item
934 2519 1126 2578 Italus
1170 2520 1301 2578 Nic.
1330 2512 1558 2601 Festa),
1603 2520 1707 2578 ubi
1741 2519 1901 2578 inter
1935 2519 2216 2577 ludorum

180 2627 487 2668 sacrorum
549 2608 832 2667 victorias
889 2627 925 2666 a
981 2607 1115 2667 Oeis
1183 2609 1412 2668 civibus
1474 2611 1813 2685 reportatas
1876 2609 2218 2666 recensetur

176 2690 448 2778 Ἀργείον
495 2692 927 2777 Πανθ[εί]ὃεω
972 2698 1227 2757 victoria
1262 2697 1589 2757 Isthmiaca
1624 2697 1877 2774 παίδων,
1913 2697 2216 2755 Nemeaea

179 2783 480 2866 ἀγενείων.
495 2776 546 2859 ²)
620 2787 738 2844 Illa
762 2786 856 2845 his
885 2786 1247 2848 carminibus
1284 2787 1634 2862 celebratur,
1670 2807 1725 2846 v.
1762 2786 1795 2844 I
1832 2786 1869 2844 d
1910 2787 2009 2844 18.
2046 2785 2126 2859 H,
2158 2786 2215 2859 7,

364 2976 418 3043 1)
455 2972 728 3027 Incertior
763 2989 851 3027 res
889 2975 976 3027 est
1013 2974 1083 3027 de
1122 2973 1368 3027 carmine
1404 2973 1525 3042 VH,
1565 2972 1723 3026 cuius
1762 2975 1820 3027 et
1853 2970 2038 3053 prima
2083 2987 2216 3051 pars

183 3048 240 3099 et
275 3047 532 3100 extrema
569 3046 883 3113 supersunt,
921 3044 1110 3098 media
1145 3044 1452 3099 intercidit.
1527 3043 1616 3098 Ibi
1643 3042 1885 3098 trimetri
1914 3045 2059 3110 sunt,
2089 3058 2215 3111 1psa

180 3114 540 3187 longitudine
578 3114 882 3185 conspicui,
920 3134 1003 3170 vv,
1045 3121 1199 3170 1—3.
1241 3122 1433 3170 6—11.
1475 3121 1559 3170 14.
1597 3120 1835 3183 48—503
1873 3113 2217 3181 reliquorum

180 3186 228 3240 si
264 3187 363 3256 qui
400 3185 658 3256 fuissent,
697 3202 727 3240 e
806 3186 1110 3242 ectandum
1147 3189 1271 3241 erat
1305 3189 1371 3241 ut
1407 3203 1600 3241 eorum
1638 3185 1819 3240 exitus
1855 3184 1917 3238 in
1960 3184 2215 3254 margine

183 3257 408 3313 sinistro
447 3256 694 3328 paginae
835 3259 862 3311 I
900 3258 1085 3313 adhuc
1123 3260 1437 3327 exstarent,
1476 3256 1624 3311 sicut
1651 3259 1877 3311 exstant
1911 3255 1996 3309 ibi
2033 3256 2217 3309 exitus

179 3334 673 3455 vvuqmtp—fil.
714 3335 828 3453 1421
875 3328 934 3383 Si
957 3332 1162 3455 fiililgem
1197 3328 1343 3454 qulli
1352 3331 1675 3454 1praeterqu,
1699 3326 1943 3452 ζὶἰωθὺτί
1970 3326 2215 3452 ᾒιθτηςὶὺ,

220 3416 535 3455 eaniso
618 3416 919 3455 auiem
1142 3417 1214 3454 au
1288 3415 2053 3454 ceeaveenusnona
2132 3414 2220 3451 ia

188 3474 288 3541 est,
324 3474 394 3526 ut
430 3470 493 3525 in
529 3469 765 3525 Pindari
793 3488 838 3526 c.
870 3470 954 3526 01.
984 3471 1127 3526 XIV.
1274 3473 1329 3541 2)
1366 3470 1564 3525 Pridik
1594 3469 1663 3524 de
1694 3469 1789 3524 Cei
1815 3470 1983 3524 rebus
2082 3468 2216 3524 erol.

179 3418 342 3615 3²...)
478 3418 584 3596 ..³2
689 3418 727 3468 ‘³
1078 3445 1091 3469 ’
2054 3417 2131 3468 ἔῃ
