2622 3960
1042 177 1471 235 PRAEFATIO.
2201 180 2283 235 IX

250 346 511 422 syllabae
568 365 780 407 sonum
835 350 1078 407 acutum
1132 348 1467 407 tribuerent
1514 381 1597 388 —
1645 369 1765 408 non
1818 368 1975 408 nunc
2020 349 2283 425 primum

251 439 568 512 comparet,
616 436 719 495 sed
764 437 996 512 pridem
1044 457 1114 495 ex
1150 437 1358 496 Iliadis
1397 438 1607 497 charta
1642 438 2021 497 Bankesiana
2058 438 2284 497 Parisi-

249 524 455 600 nisque
492 524 743 584 Homeri
779 527 1132 604 fragmentis
1172 527 1446 604 cognitus
1476 521 1644 605 est.¹)
1720 527 2011 603 Reliquae
2041 545 2284 603 quoque

248 617 447 689 notae,
528 633 684 690 quae
751 612 892 674 δέκα
954 615 1315 701 προσῳδίαις
1380 616 1873 691 adnumerantur,
1938 617 2284 691 frequentes

247 703 564 778 pleraeque
613 706 876 762 exstant:
941 702 1008 763 ἆι
1070 728 1162 782 αι,
1225 708 1291 763 ἇι
1356 728 1423 786 α,
1486 708 1618 763 tum
1663 705 2062 781 apostrophus
2111 710 2171 765 et
2214 706 2280 764 in

248 792 590 867 compositis
629 790 806 869 ὑφέν,
843 796 913 851 ut
968 792 1420 881 φοινικονώτων
1465 794 1538 869 V,
1576 796 1729 867 1023
1779 794 1963 852 etiam
2002 792 2281 871 διαστολή

246 879 309 938 111
353 878 770 958 ἐδεισε,νηρεος
816 882 976 957 XVI,
1009 885 1154 958 102,
1202 883 1429 942 scilicet
1472 903 1546 941 ne
1592 883 1781 959 priori
1825 883 1961 942 voci
1995 906 2032 942 ν
2071 883 2282 941 adiun

249 972 504 1070 geretur.
543 928 1039 1070 ‘Interpunctu’m
1067 976 1269 1031 autem
1297 975 1389 1030 est
1408 992 1527 1031 non
1547 971 1673 1030 sine
1694 972 2026 1049 diligentia,
2054 976 2280 1073 puncto
2305 960 2308 967 ’

421 1147 553 1205 Iam
600 1148 760 1223 quod
805 1149 883 1207 ad
920 1148 1097 1207 fidem
1131 1150 1272 1208 libri
1301 1168 1454 1226 quae
1482 1149 1761 1209 videatur
1788 1150 2028 1226 attinet,
2073 1169 2283 1226 possu—

244 1256 373 1295 mus
420 1235 795 1314 diligentiam
841 1238 1108 1312 aliquam
1145 1257 1485 1316 agnoscere,
1529 1258 1650 1297 non
1686 1241 1891 1296 tamen
1926 1242 1997 1297 ut
2031 1243 2283 1315 peccata

247 1325 448 1385 omnia
491 1326 616 1385 sive
661 1326 857 1385 vitata
902 1329 1180 1402 putemus
1229 1361 1314 1368 —
1359 1326 1423 1385 id
1471 1327 1629 1402 quod
1674 1328 2028 1386 correcturis
2073 1328 2281 1385 multis

247 1414 318 1472 ab
384 1414 507 1472 alia
573 1414 810 1474 demum
872 1435 1060 1474 manu
1120 1417 1309 1475 illatis
1373 1416 1674 1474 refutatur
1728 1447 1841 1491 —,
1898 1416 2022 1475 sive
2079 1416 2280 1475 omnia

245 1503 592 1581 corrigendo
648 1503 901 1564 sublata.
1001 1505 1210 1580 Ipsum
1266 1505 1658 1580 archetypum
1703 1504 1860 1562 unde
1915 1504 2282 1580 descriptum

246 1596 336 1651 est
398 1592 495 1651 hic
558 1593 682 1652 11110
748 1593 933 1651 etiam
994 1594 1223 1652 lacunis
1285 1594 1578 1652 infectum
1636 1593 1817 1652 fuisse
1884 1594 2281 1670 cognoscitur.

243 1681 559 1739 Traditum
582 1702 774 1757 neque
794 1683 1141 1758 suppletum
1160 1686 1251 1742 est
1269 1682 1461 1758 XVII,
1482 1684 1566 1741 48
1587 1681 1763 1759 ξίφος
1783 1679 1933 1761 ἔχειν
1961 1702 2071 1758 pro
2099 1700 2282 1740 versu

242 1770 416 1829 huius
453 1790 789 1830 mensurae·
775 1799 1449 1840 υυυυυυυυυυυυ
1479 1773 1552 1829 ut
1597 1771 1795 1830 desint
1840 1789 1942 1830 sex
1983 1771 2279 1872 syllabae,

242 1863 555 1935 praeterea
637 1860 900 1919 eiusdem
973 1860 1252 1918 carminis
1325 1879 1379 1920 v.
1459 1863 1537 1920 16
1627 1853 1652 1942 (
1670 1861 1776 1936 qui
1858 1862 1949 1919 est
2020 1861 2280 1938 paginae

241 1941 517 2031 ultimus)
565 1948 641 2007 ab
689 1949 810 2007 alia
855 1967 1039 2008 manu
1085 1948 1340 2026 scriptus
1389 1953 1504 2026 est,
1572 1950 1780 2009 eadem
1827 1949 2069 2026 quidem
2126 1968 2280 2025 quae

241 2039 319 2114 X,
360 2040 441 2098 23
499 2038 613 2097 σὺν
667 2035 846 2116 ἄματι
897 2036 1047 2118 πρὸς
1100 2039 1241 2121 γαία
1285 2038 1542 2099 πεσόντα
1588 2039 1836 2115 addidit,
1901 2058 2036 2100 cum
2081 2040 2279 2115 prima

239 2146 455 2186 manus
520 2127 673 2185 nihil
732 2127 819 2185 ibi
871 2130 1113 2203 praeter
1164 2131 1286 2187 tres
1342 2128 1568 2204 primas
1615 2128 1876 2204 syllabas
1923 2128 2279 2203 scripsisset.

244 2216 738 2317 Corruptelarum
793 2219 996 2275 autem
1042 2235 1190 2292 quas
1236 2217 1432 2292 prima
1477 2236 1690 2276 manus
1748 2218 2073 2276 admiserat
2131 2218 2282 2276 haec

241 2306 365 2365 sint
419 2305 771 2382 specimina:
826 2306 1015 2381 XVII,
1048 2307 1083 2362 2
1145 2314 1261 2365 τῶν
1316 2302 1658 2385 ἁβροβικων
1705 2298 2041 2386 (ἁβροβίων
2088 2298 2278 2397 0011.)

241 2391 392 2468 αναξ
441 2417 703 2474 ιερωνων
751 2351 1015 2505 (Ἰαζννων
1048 2390 1246 2473 corr..)
1306 2395 1466 2470 XIV,
1507 2396 1591 2454 54
1640 2394 2018 2472 ὃικαληθηαν
2074 2386 2283 2476 (δίκαν

243 2484 447 2544 ἰθεῖαν
494 2478 690 2559 corn),
740 2487 802 2542 et
847 2480 1187 2544 ἀκόλουθον
1235 2484 1523 2542 omissum
1549 2503 1605 2544 V.
1638 2485 1739 2542 55.
1767 2484 1903 2560 XII,
1929 2485 2012 2542 84
2041 2500 2281 2543 κατισυ-

241 2596 477 2653 φαυχας
522 2592 632 2649 pro
678 2572 782 2631 καί
823 2594 911 2643 τις
958 2570 1240 2650 ὑψαυχὴς
1279 2565 1356 2653 (φ
1394 2592 1482 2631 110
1508 2576 1841 2633 correctum
1870 2572 2112 2648 quidem
2141 2565 2280 2652 est).

241 2662 411 2739 VIII,
445 2665 523 2721 12
556 2664 1329 2740 αθλησανπαρμεμορωισυν
1356 2681 1466 2736 pro
1495 2658 1771 2739 ἄθλησαν
1808 2654 1901 2720 ἐπ’
1931 2654 2278 2744 Ἀρχεμόρῳ,

238 2751 345 2812 τὸν
393 2744 618 2833 (corn).
710 2750 986 2826 Apparet
1030 2750 1220 2827 igitur
1266 2769 1405 2808 eum
1453 2751 1559 2826 qui
1603 2750 1826 2808 librum
1882 2751 2121 2826 scripsit
2181 2749 2282 2807 de-

241 2841 561 2919 pingendis
590 2843 833 2899 tantum
860 2840 1080 2898 litteris
1109 2840 1293 2897 fuisse
1321 2840 1639 2915 intentum,
1679 2839 2039 2899 sententiam
2076 2842 2284 2897 autem

240 2933 459 3007 poetae
497 2950 617 2990 non
656 2946 907 3005 curasse,
945 2929 1262 3003 multoque
1299 2928 1499 2988 minus
1535 2948 1827 2989 numeros,
1914 2927 2031 2986 Sed
2066 2929 2281 2988 horum

244 3020 489 3096 quidem
544 3019 729 3078 etiam
785 3018 840 3075 ei
898 3018 1002 3094 qui
1057 3022 1443 3077 correxerunt
1497 3019 1727 3076 nullam
1792 3018 1914 3075 fere
1983 3017 2283 3076 rationem

424 3202 476 3268 1)
518 3198 596 3254 Cf.
655 3220 800 3272 quae
856 3203 1023 3274 sripsi
1068 3204 1130 3259 in
1178 3205 1533 3274 „Handbueh
1580 3204 1632 3258 d
1681 3204 1855 3258 klass.
1902 3203 2280 3259 Alterthums-

236 3270 668 3325 wissenschaft“
705 3275 783 3343 1²,
822 3281 941 3330 308.
1019 3276 1163 3330 Sunt
1201 3279 1392 3330 autem
1431 3279 1696 3329 accentus
1747 3294 1860 3329 non
1899 3275 2121 3329 doricae
2159 3274 2281 3330 dia-

238 3342 394 3411 lecti,
435 3342 541 3396 sed
573 3346 880 3400 communis
917 3346 1167 3416 linguae,
1206 3346 1402 3415 quales
1440 3345 1502 3400 in
1528 3346 1774 3400 Pindaro
1813 3363 2036 3415 quoque
2071 3363 2280 3416 ponere

240 3413 513 3482 solemus,
568 3416 823 3471 notabile
869 3417 1014 3471 nihil
1058 3418 1175 3472 fere
1211 3421 1439 3487 praeter
1476 3418 1601 3472 ἐπεῖ
1631 3418 1851 3486 111‚23;
1887 3434 2020 3470 nam
2066 3419 2281 3498 φοὶβαν

236 3485 275 3540 i.
319 3503 365 3541 0.
416 3484 629 3567 φοιβαν
690 3488 810 3558 XII,
855 3495 955 3543 139
1011 3489 1201 3543 nullus
1270 3488 1471 3543 dubito
1528 3488 1665 3557 quin
1720 3488 1885 3542 unice
1938 3505 2130 3542 verum
2187 3489 2277 3543 sit.

239 3559 295 3628 2)
333 3558 400 3612 In
437 3555 550 3611 11110
586 3575 749 3613 versu
777 3563 1049 3629 punctum
1075 3560 1326 3630 positum
1351 3560 1497 3629 XIV,
1526 3566 1593 3613 47
1624 3559 1710 3630 (K.
1739 3578 1792 3629 p.
1823 3558 1991 3630 XXI),
2016 3559 2163 3628 VIII,
2193 3565 2280 3615 83.
