2622 3960
990 181 1422 237 PRAEFATIO.
2103 182 2229 236 LXI

187 352 293 428 qui
331 351 521 411 etiam
557 351 810 409 ulterius
848 351 1149 427 progressi
1184 351 1282 409 vel
1320 351 1570 410 chorum
1604 351 1868 409 militum
1904 351 2233 410 Athenien-

184 441 346 500 sium
382 441 482 500 vel
519 440 923 516 coryphaeum
961 439 1125 498 chori
1154 459 1190 498 a
1218 439 1580 516 Bacchylide
1617 440 1820 499 induci
1848 440 2148 500 coniciant
2161 433 2231 521 1),

189 529 401 589 confisi
447 529 707 587 maxime
754 528 846 587 his
895 529 1021 587 eius
1068 547 1358 605 personae
1403 528 1600 588 verbis
1650 521 1762 610 (12
1813 521 2000 611 sqq.):
2049 527 2235 590 δοκέω

187 617 299 698 γὰρ
357 618 421 677 εἴ
463 640 584 678 τινι
646 619 879 697 βροτῶν
940 614 1206 696 ἀλκίμων
1267 616 1618 697 ἐπικουρίαν
1680 615 1782 677 καὶ
1844 617 1937 678 τὶν
1993 616 2237 696 ἔμμεναι

189 704 361 767 νέων.
455 706 613 765 Aliis
669 706 922 765 fortasse
978 706 1043 764 id
1095 707 1296 782 ipsum
1349 707 1415 765 in
1472 707 1730 766 militem
1785 727 1894 784 pro
1940 708 2236 766 militibus

186 797 538 872 loquentem
610 815 734 855 non
802 814 946 854 sane
1016 796 1330 855 convenire
1395 796 1698 871 videatur,
1766 797 1869 872 qui
1924 796 2009 855 sic
2068 796 2236 872 loqui

186 886 285 945 vel
340 885 534 962 possit
587 884 686 944 vel
743 883 983 943 debeat:
1059 881 1200 967 ὁρᾷς
1253 884 1365 964 γάρ
1432 901 1528 944 σοι
1588 894 1902 961 παροῦσαν
1967 883 2231 962 ἀλκίμων

188 972 345 1034 νέων
391 971 760 1053 ἐπικουρίαν.
843 974 1069 1032 Tamen
1115 973 1330 1032 chorus
1378 992 1505 1032 esse
1541 977 1743 1050 potest
1776 974 2235 1033 Atheniensium

191 1067 252 1122 et
297 1082 409 1139 pro
458 1063 543 1121 eis
588 1080 742 1120 unus
791 1062 1011 1138 aliquis
1057 1064 1337 1138 loquens3
1385 1063 1629 1122 chorum
1677 1066 1880 1122 autem
1924 1064 1990 1121 in
2034 1083 2234 1122 recen-

187 1153 343 1211 tiore
394 1170 637 1227 quoque
684 1151 1065 1226 dithyrambo
1110 1151 1427 1211 Philoxeni
1473 1151 1890 1228 Timotheique
1934 1153 2238 1211 interdum

190 1261 326 1300 cum
380 1259 639 1317 persona
696 1240 1017 1316 principali
1064 1241 1427 1300 collocutum
1473 1259 1599 1299 esse
1656 1243 1907 1300 constat.
1924 1232 1976 1322 2>
2072 1239 2235 1300 Stro-

189 1330 346 1406 phae
414 1332 557 1388 sunt
622 1332 909 1405 quattuor
971 1330 1098 1389 sine
1159 1330 1392 1406 epodis:
1457 1330 1656 1405 prima
1720 1349 1791 1388 ex
1853 1349 1994 1406 rege
2055 1349 2236 1388 causa

191 1418 508 1495 quaeritur
562 1418 690 1476 dati
748 1418 906 1495 signi
950 1418 1177 1494 bellici3
1234 1419 1430 1477 altera
1483 1438 1588 1478 rex
1642 1418 1904 1493 explicat
1956 1418 2237 1477 nuntium

192 1507 308 1567 sibi
365 1508 440 1566 de
494 1506 728 1566 iuvenis
784 1507 978 1583 ignoti
1033 1507 1270 1585 magnis
1318 1508 1496 1566 factis
1544 1507 1823 1582 allatum3
1879 1510 2010 1565 tum
2053 1508 2246 1587 tertia

190 1597 294 1655 ille
351 1614 561 1655 rursus
614 1595 689 1654 de
744 1596 958 1654 habitu
1013 1596 1139 1654 eius
1194 1596 1425 1655 iuvenis
1484 1595 1917 1672 comitibusque
1982 1596 2238 1672 quaerit,

194 1687 272 1745 ad
329 1704 487 1761 quae
543 1704 649 1743 rex
701 1685 1023 1759 respondet
1077 1685 1326 1760 stropha
1382 1688 1616 1761 quarta.
1716 1685 1901 1744 Recte
1955 1685 2240 1744 laudatur

190 1775 577 1852 ingeniosum
614 1774 935 1832 artificium
969 1777 1202 1851 poetae,
1242 1794 1360 1850 quo
1398 1773 1711 1833 substituit
1746 1775 1863 1849 pro'
1891 1775 2238 1833 narratione

193 1883 303 1923 sua
348 1863 721 1938 colloquium
767 1881 989 1938 eorum,
1036 1863 1115 1922 ad
1161 1883 1309 1939 quos
1359 1883 1429 1922 ea
1476 1864 1641 1922 facta
1676 1864 1944 1940 proxime
1980 1863 2239 1939 pertine-

191 1953 344 2012 bant
401 1970 773 2028 quorumque
831 1952 1046 2012 animis
1099 1952 1468 2030 perturbatis
1522 1953 1821 2013 factorum
1886 1952 2241 2031 magnitudo

192 2042 671 2102 luculentissime
719 2042 1068 2100 ostenditur.

329 2130 540 2189 XVIII
608 2127 838 2206 [XIX].
934 2130 1221 2207 Sequitur
1284 2151 1526 2194 carmen
1582 2125 1676 2190 Ἰὼ
1736 2123 2086 2209 Ἀθηναίοις
2150 2133 2242 2189 in-

195 2221 514 2296 scriptum,
560 2219 976 2294 dithyrambus
1032 2220 1159 2279 sine
1206 2220 1415 2296 dubio,
1463 2221 1748 2296 quoniam
1791 2221 1857 2279 in
1901 2221 2019 2280 fine
2074 2221 2245 2279 nulla

194 2309 556 2368 necessitate
604 2311 843 2367 coactus
891 2308 971 2367 ad
1013 2309 1319 2368 Bacchum
1361 2312 1544 2385 poeta
1598 2309 1875 2368 deflectit.
1966 2309 2244 2386 Longum

198 2400 289 2457 est
349 2398 724 2474 prooemium
786 2398 984 2457 verbis
1047 2399 1241 2476 magis
1296 2417 1482 2475 quam
1536 2399 1848 2457 sententiis
1904 2399 2239 2475 splendenS,

195 2489 337 2563 post
402 2486 561 2561 quod
624 2485 728 2544 Ius
783 2486 1053 2545 fabulam
1106 2487 1501 2562 Bacchylides
1560 2488 1881 2563 percurrit,
1948 2489 2012 2545 in
2075 2488 2265 2563 Argo·

198 2576 445 2634 custode
493 2575 737 2650 eiusque
783 2595 924 2634 nece
971 2576 1304 2652 paullisper
1348 2576 1718 2652 immoratus,
1774 2580 1973 2635 cetera
2016 2575 2240 2636 brevis-

197 2665 344 2723 sime
401 2664 808 2740 perstringens
865 2667 1046 2740 atque
1103 2666 1181 2724 ad
1232 2666 1580 2742 progeniem
1640 2665 1745 2725 Ius
1800 2666 2115 2740 festinans,
2179 2664 2244 2721 id

200 2756 292 2813 est
319 2753 578 2828 denique
597 2752 901 2811 Bacchum
932 2752 1202 2813 Semelae
1230 2753 1438 2812 filium.
1503 2755 1789 2813 Extrema
1816 2773 1956 2830 pars
1984 2753 2240 2829 pessime

200 2841 413 2901 habita
460 2844 567 2917 est,
613 2842 915 2917 plerisque
961 2844 1231 2902 versibus
1275 2843 1585 2902 truncatis.

379 2931 523 2988 XIX
566 2927 746 3005 [XXJ.
811 2930 1110 2989 Ultimum
1145 2952 1387 2991 carmen
1424 2952 1496 2991 ex
1522 2952 1641 3008 quo
1680 2932 2076 3009 complurium
2111 2951 2240 2991 ver-

202 3038 377 3079 suum
414 3022 618 3095 partes
664 3019 952 3078 habemus
985 3016 1146 3092 ’Ίδας
1193 3025 1300 3097 est,
1348 3021 1837 3081 Lacedaemoniis
1876 3020 2243 3079 destinatum

204 3100 383 3189 (Ιὸας
403 3101 953 3190 Λακεδαιμονίοις).
998 3110 1433 3186 Repraesentat
1461 3113 1642 3185 poeta
1669 3111 2068 3186 hymenaeum
2097 3109 2243 3168 olim

204 3196 461 3273 Spartae
509 3216 547 3255 a
590 3197 924 3275 virginibus
970 3197 1034 3255 in
1077 3200 1307 3275 nuptiis
1351 3199 1496 3257 Idae
1544 3202 1605 3258 et
1649 3201 1991 3275 Marpessae
2039 3201 2242 3257 canta-

201 3288 357 3362 tum3
405 3286 595 3345 nolim
639 3289 844 3345 tamen
889 3286 1025 3345 ideo
1073 3307 1208 3346 cum
1235 3287 1499 3347 Roberto
1529 3289 1727 3364 ipsum
1765 3308 2003 3347 carmen
2044 3281 2241 3371 (cuius

383 3494 436 3561 1)
472 3490 562 3544 Ita
582 3491 643 3546 B.
663 3491 1053 3547 Haussoullier
1083 3492 1238 3562 apud
1257 3491 1546 3561 Weilium‚
1569 3492 1796 3547 Robert.
1892 3497 1946 3565 2)
1984 3513 2032 3548 v.
2062 3493 2245 3548 Wila-

204 3561 428 3617 mowitz
466 3581 520 3632 p.
563 3569 680 3617 142.
1318 3565 1352 3582 ‘⁸
