2622 3960
394 185 524 238 XVI
1192 184 1620 240 PRAEFATIO.

396 371 536 411 cum
577 354 895 429 Euagorae
943 352 1150 429 Cyprii
1204 354 1543 412 encomium
1588 354 1985 413 conscriberet
2031 355 2106 414 ab
2143 357 2257 415 hac
2293 357 2422 417 bar-

393 441 542 500 bara
588 443 1012 517 superstitione
1049 461 1169 501 non
1206 444 1355 501 satis
1394 444 1579 517 cavit3
1616 442 1776 502 idem
1811 446 2016 502 tamen
2051 443 2116 502 in
2153 446 2421 506 oratione

396 531 788 607 epistulisque
833 531 1112 606 Philippo
1157 531 1469 591 Macedoni
1516 532 1751 607 scriptis
1793 529 2055 591 Graecae
2099 532 2317 594 indolis
2364 556 2424 596 se

392 639 715 679 memorem
760 620 986 695 ubique
1023 622 1311 696 praestat,
1358 624 1420 679 et
1456 640 1596 679 cum
1630 620 1778 679 dicit
1806 612 1925 702 (ep.
1955 622 2064 697 ΠΙ,
2098 614 2193 703 5):
2242 621 2420 684 οὐδὲν

394 706 505 788 γὰρ
552 706 710 767 ἔσται
755 708 963 769 λοιπὸν
1009 707 1092 768 ἔτι
1127 707 1283 786 πλὴν
1325 708 1474 769 θεὸν
1510 706 1812 790 γενέσθαι,
1850 730 1971 770 non
2005 711 2117 769 hoc
2153 713 2420 786 profecto

395 797 557 873 dicit,
603 798 730 857 fore
776 801 848 856 ut
891 798 1208 874 Philippus
1255 798 1512 875 denique
1560 799 1705 858 deus
1751 798 1883 873 fiat,
1941 800 2045 857 sed
2090 800 2153 858 in
2191 818 2422 861 summo

390 887 690 946 humanae
736 887 980 963 quidem
1023 887 1304 946 fortunae
1350 888 1595 965 fastigio
1642 891 1776 946 tum
1828 907 1964 946 eum
2026 890 2423 949 constitutum

389 976 535 1034 fore.
621 975 854 1034 Scimus
880 976 1228 1051 Philippum
1256 975 1435 1035 aliter
1463 977 1535 1035 de
1565 995 1625 1035 se
1664 976 1934 1051 sensisse,
1972 978 2193 1036 scimus
2229 978 2423 1037 filium

390 1065 522 1124 eius
567 1065 1003 1139 Alexandrum,
1058 1066 1279 1124 scimus
1325 1066 1748 1140 AthenienseS,
1806 1068 2131 1142 postquam
2176 1067 2424 1126 deorum

390 1173 640 1213 suorum
703 1157 976 1213 veterum
1039 1154 1354 1213 servitium
1420 1157 1715 1214 exuerunt
1780 1146 2036 1234 (quippe
2091 1174 2242 1231 quos
2302 1157 2424 1214 iam

388 1245 540 1318 „aut
573 1245 751 1320 longe
781 1243 985 1302 abesse
1012 1246 1318 1319 putarent,
1358 1245 1468 1302 aut
1496 1243 1743 1302 auribus
1772 1262 1988 1318 carere,
2036 1248 2148 1302 aut
2184 1246 2424 1305 omnino

391 1351 512 1391 non
568 1351 718 1405 esse,
776 1336 885 1391 aut
927 1351 1022 1391 res
1067 1333 1381 1391 hominum
1422 1352 1542 1391 non
1588 1324 1881 1412 curare“),
1936 1333 2113 1390 fatali
2161 1334 2425 1408 quadam

388 1421 745 1481 necessitate
809 1421 873 1479 in
935 1422 1244 1481 hominum
1298 1421 1710 1481 foedissimum
1769 1421 2082 1480 servitium
2144 1422 2422 1497 turpissi-

390 1530 671 1586 mamque
718 1510 1129 1569 adulationem
1175 1529 1301 1569 esse
1347 1509 1674 1586 prolapsos,

568 1599 727 1658 Puto
791 1618 886 1657 me
950 1618 1070 1657 non
1124 1599 1424 1658 inutiliter
1476 1599 1541 1657 in
1595 1599 1689 1657 his
1742 1598 1920 1656 rebus
1986 1602 2423 1657 commoratum

390 1706 545 1761 esse3
595 1706 738 1747 sane
786 1688 944 1746 enim
970 1688 1177 1765 magni
1206 1688 1650 1747 aestimandum
1687 1690 1794 1761 est,
1835 1687 1997 1763 quod
2033 1685 2420 1763 incorruptae

387 1775 675 1835 Graeciae
720 1778 1106 1835 monumenta
1150 1796 1307 1836 nova
1363 1777 1509 1835 haec
1563 1777 1733 1836 nobis
1778 1775 2096 1854 Aegyptus
2153 1776 2421 1836 donavit.

387 1865 728 1924 Alexander
762 1866 1018 1942 Magnus
1056 1866 1156 1924 vix
1190 1866 1573 1925 toleravisset
1619 1864 1885 1924 carmina
1934 1864 2142 1941 qualia
2169 1864 2423 1925 Hieroni

385 1954 778 2031 Bacchylides
841 1954 1259 2032 Pindarusque
1326 1955 1717 2030 scripserunt3
1790 1954 1975 2015 Hiero
2050 1973 2171 2014 non
2242 1955 2421 2014 modo

382 2045 696 2120 toleravit,
745 2044 849 2103 sed
892 2045 1174 2120 praemiis
1223 2044 1467 2120 amplis,
1513 2047 1679 2119 puto,
1724 2043 2150 2103 remuneravit
2244 2044 2419 2102 Adde

388 2134 552 2208 quod
615 2133 774 2192 idem
838 2154 959 2193 non
1021 2134 1219 2211 exegit
1263 2153 1299 2192 a
1345 2137 1551 2209 poeta,
1615 2136 1689 2192 ut
1749 2151 1989 2208 pugnae
2052 2131 2423 2191 Himerensis

385 2223 751 2282 clarissimae
781 2223 1031 2299 dignum
1056 2223 1445 2299 praeconium
1471 2223 1775 2295 insereret,
1812 2221 1916 2279 sed
1953 2222 2268 2290 contentus
2298 2220 2424 2280 fuit

388 2311 622 2371 duobus
686 2312 911 2372 verbis:
975 2310 1430 2391 χαλκεοστέρνου
1492 2306 1545 2370 τ’
1596 2307 1844 2390 Ἄρηος,
1917 2308 2136 2384 quibus
2211 2309 2428 2368 statim
2535 2347 2542 2400 ¹·

384 2400 674 2459 adiuncta
738 2405 830 2460 est
894 2400 1250 2475 admonitiO,
1316 2420 1390 2459 ne
1455 2400 1569 2459 sibi
1624 2398 1828 2474 potius
1884 2417 2069 2473 quam
2122 2397 2213 2456 dis
2272 2398 2424 2458 haec

384 2490 777 2549 adscriberet:
835 2479 902 2549 εὖ
959 2487 1149 2569 ἔρδων
1205 2485 1269 2549 δὲ
1327 2488 1407 2567 μὴ
1463 2488 1643 2566 κάμοι
1696 2485 1856 2557 θεός.
1960 2487 2115 2544 Tum
2169 2486 2221 2545 si
2283 2487 2424 2563 quis

386 2598 523 2637 cum
579 2579 861 2638 Heronda
916 2579 1160 2638 invento
1226 2578 1653 2653 Bacchylidem
1715 2577 2029 2636 inventum
2094 2578 2427 2651 comparat,

384 2670 544 2727 recte
590 2669 739 2727 facit
785 2671 1033 2726 eatenus
1081 2668 1414 2742 dumtaxat,
1463 2666 1627 2742 quod
1672 2669 1733 2724 et
1767 2665 1865 2723 hic
1900 2665 2097 2722 minor
2132 2664 2254 2723 fuit
2280 2665 2425 2723 Pin-

384 2757 530 2816 daro
587 2758 1006 2832 avunculoque
1063 2774 1172 2815 suo
1230 2759 1291 2814 et
1345 2755 1656 2814 Herondas
1712 2754 1921 2813 multis
1976 2753 2248 2828 inferi0r3
2316 2773 2423 2829 op-

380 2848 680 2905 tassemus
752 2845 944 2922 igitur
1007 2848 1068 2903 et
1140 2864 1249 2920 pro
1324 2844 1605 2903 Heronda
1678 2842 2106 2902 Archilochum
2180 2846 2241 2901 et
2310 2861 2425 2917 pro

381 2934 743 3011 Bacchylide
792 2933 1183 3009 Simonidem,
1240 2933 1292 2992 si
1353 2933 1497 2992 data
1561 2936 1716 2992 esset
1782 2932 1966 3008 optio.
2069 2932 2155 2989 At
2219 2934 2425 2990 cetera

382 3025 586 3082 omnia
631 3023 962 3098 dissimilia,
1008 3021 1441 3097 Herondasque
1477 3021 1840 3097 Bacchylide
1887 3020 2098 3079 multis
2142 3020 2424 3095 partibus

382 3112 645 3171 inferior.
737 3112 912 3171 Alter
956 3112 1147 3171 vitam
1193 3111 1558 3169 cotidianam
1606 3111 1931 3186 depingens
1978 3128 2098 3168 non
2144 3108 2422 3166 reformi-

381 3201 487 3259 dat
551 3201 780 3275 sordes,
848 3201 1066 3277 quibus
1134 3200 1320 3258 etiam
1383 3199 1669 3258 delectari
1735 3199 2002 3271 videtur,
2066 3195 2423 3271 longissime

378 3292 585 3348 autem
642 3290 810 3348 abest
866 3290 941 3348 ab
997 3289 1339 3348 Archilochi
1396 3288 1615 3363 spiritu
1673 3286 1937 3359 ardenti,
1996 3284 2100 3359 qui
2147 3303 2221 3341 ne
2269 3283 2425 3358 ipsis

380 3379 626 3453 quidem
671 3379 944 3438 sordibus
991 3397 1352 3455 magnopere
1399 3376 1678 3435 infectari
1724 3374 1956 3450 potuit:
2004 3375 2214 3430 contra
2252 3372 2428 3448 apud
2529 3405 2532 3490 l

378 3466 566 3525 Ceum
621 3468 822 3526 omnia
868 3487 1078 3526 serena
1124 3470 1267 3526 sunt
1305 3470 1368 3525 et
1412 3466 1692 3541 limpida,
1740 3462 1963 3522 similia
2011 3461 2137 3519 aeri
2184 3463 2425 3521 excelso
2529 3491 2530 3506 π

376 3574 573 3629 neque
619 3555 891 3614 sordibus
936 3556 1217 3615 humanis
1264 3555 1692 3614 contaminato.
1786 3549 1960 3619 Quod
2006 3553 2213 3609 autem
2271 3551 2429 3611 dicit
