2622 3960
527 176 969 228 FRAGMENTA
1007 175 1112 227 ΑΡ.
1151 176 1309 227 VET.
1351 172 1500 226 SOR.
1541 170 1884 227 SERVATA.
2108 172 2237 236 155

932 387 1489 441 ΔΙΘΤΡΑΜΒΟΙ.

1077 512 1347 598 7.[16]

367 639 583 705 Schol.
630 639 816 705 Pind.
862 638 1052 723 Pyth.
1091 637 1152 723 I,
1193 638 1350 703 100:
1416 639 1635 724 Ταύτῃ
1682 646 1762 724 τῇ
1814 638 2079 724 ἱστορίᾳ
2123 637 2235 704 καὶ

177 753 255 812 Β.
297 758 659 832 συμφωνεῖ
704 746 778 811 ἐν
818 757 959 824 τοῖς
995 745 1594 832 Διθυράμβοις,
1644 745 1746 810 ὅτι
1785 745 1868 828 δὴ
1908 745 1974 810 οὶ
1998 742 2237 830 ’Ἑλλη-

176 878 293 932 νες
343 854 418 919 ἐκ
455 857 738 938 Λήμνου
786 856 1287 938 μετεστείλαντο
1334 853 1457 917 τὸν
1503 856 1922 936 Φιλοκτήτην
1959 850 2234 918 Ἑλένου

177 960 762 1045 μαντευσαμένου·
811 961 1082 1047 εἵμαρτο
1131 962 1256 1046 γὰρ
1305 961 1469 1024 ἄνευ
1506 969 1644 1024 τῶν
1672 955 2087 1045 Ἡρακλείων
2127 963 2236 1026 τό-

182 1067 320 1146 ξων
380 1070 471 1153 μὴ
531 1074 971 1154 πορθηθῆναι
1032 1067 1108 1132 τὸ
1153 1064 1385 1132 Ἴλιον.
1476 1064 1700 1130 Fuerit
1759 1066 1965 1151 igitur
2025 1066 2237 1151 dithy-

181 1175 452 1240 rambus
505 1177 1014 1258 Φιλοκτήτης.

1064 1349 1152 1439 (8.
1200 1351 1366 1436 [18]
1980 1389 1993 1398 ν

367 1478 544 1543 Serv.
571 1478 766 1563 Verg.
805 1474 964 1541 Aen.
993 1475 1107 1561 XI,
1135 1477 1249 1541 93:
1294 1476 1557 1541 Versis
1594 1475 1931 1542 Arcades
1970 1478 2232 1564 armis]

182 1586 559 1671 Lugentum
638 1605 819 1649 more
900 1604 1275 1648 mucronem
1356 1582 1613 1667 hastae,
1693 1606 1825 1648 non
1904 1584 2235 1670 cuspidem

183 1695 414 1757 contra
460 1695 700 1755 terram
746 1694 1057 1774 tenentes,
1104 1691 1413 1774 quoniam
1460 1691 1713 1774 antiqui
1760 1692 1970 1755 nostri
2017 1693 2236 1757 omnia

186 1799 514 1865 contraria
559 1799 626 1862 in
681 1798 908 1862 funere
953 1797 1301 1880 faciebant,
1358 1800 1543 1861 scuta
1598 1798 1796 1861 etiam
1839 1799 2235 1864 invertentes

185 1910 456 1993 propter
502 1906 771 1969 numina
815 1904 952 1969 illic
997 1903 1278 1990 depicta,
1333 1925 1413 1967 ne
1461 1925 1688 1968 eorum
1744 1904 2089 1969 simulacra
2137 1928 2236 1970 ca-

183 2016 438 2080 daveris
502 2014 949 2100 polluerentur
1010 2014 1301 2096 aspectu,
1367 2011 1535 2076 sicut
1589 2010 1895 2078 habuisse
1948 2011 2235 2079 Arcades

109 2208 116 2215 .
185 2120 613 2205 Bacchylides
661 2120 731 2184 in
778 2118 1301 2203 dithyrambis
1351 2116 1555 2205 dicit.)

1048 2313 1156 2378 ²¹⁶9.
1235 2314 1341 2378 32.

367 2441 632 2507 Servius
680 2440 763 2504 ad
797 2439 993 2525 Verg.
1031 2314 1513 2523 Aen.[11,]201:
1558 2438 1765 2524 „Sane
1810 2441 2234 2526 Bacchylides

183 2551 261 2614 de
307 2548 682 2614 Laocoonte
730 2549 794 2611 et
839 2568 1040 2611 uxore
1097 2547 1235 2610 eius
1281 2546 1386 2610 vel
1442 2544 1520 2610 de
1577 2547 1986 2631 serpentibus
2034 2571 2072 2611 a
2118 2546 2236 2613 Oa-

181 2657 403 2742 lydnis
451 2655 684 2720 insulis
732 2653 1139 2719 venientibus
1197 2656 1392 2737 atque
1443 2652 1513 2716 in
1563 2652 1859 2718 homines
1907 2657 2234 2720 conversis

185 2764 401 2829 dicit.“
500 2761 724 2826 Fuerit
780 2759 1231 2844 dithyrambus
1288 2762 1645 2845 Λαοκόων,
1703 2761 1870 2826 sicut
1926 2761 2053 2824 fuit
2109 2764 2237 2824 tra-

185 2870 420 2957 goedia
465 2867 826 2954 Sophoclis,

334 3070 382 3118 ⁷.
437 3061 517 3118 cf.
571 3059 865 3131 Sophoclis
916 3058 1261 3127 Philocteta,
1316 3076 1462 3128 quae
1513 3058 1712 3113 fabula
1763 3057 2016 3113 eiusdem
2064 3058 2234 3128 plane

187 3134 513 3206 argumenti
550 3135 655 3188 est.

331 3213 383 3261 8.
421 3205 554 3260 Non
591 3202 774 3272 omisi,
813 3200 1068 3270 quamvis
1107 3218 1236 3255 cum
1261 3201 1449 3256 Neuio
1486 3203 1684 3271 putem
1722 3200 1796 3254 ad
1833 3200 1940 3272 frg.
1970 3200 2148 3255 chart.
2176 3220 2234 3271 p.

192 3285 292 3333 146
305 3296 389 3347 sq.
420 3273 809 3346 (Κασσάνδρα)
844 3272 1143 3344 pertinere.
1217 3272 1370 3327 Nam
1396 3271 1575 3327 Servii
1614 3270 1798 3340 „sicut
1833 3271 2102 3326 habuisse
2131 3272 2235 3326 Ar-

188 3350 392 3405 cades“
432 3346 731 3402 referenda
767 3345 842 3399 ad
878 3343 981 3397 illa
1019 3347 1284 3414 „propter
1319 3342 1557 3398 numina
1583 3341 1704 3396 illic
1733 3342 2024 3424 depicta“;
2062 3344 2236 3398 Arca-

189 3421 323 3475 dum
361 3421 555 3474 autem
591 3435 713 3471 mos
742 3416 871 3470 ideo
899 3418 1244 3469 memoratur
1271 3413 1757 3484 Bacchylidesque
1787 3430 1906 3469 61118
1939 3414 2105 3469 testis
2136 3416 2237 3469 ad-

189 3494 437 3560 vocatur,
476 3488 747 3558 quoniam
783 3487 969 3543 eidem
1006 3486 1160 3556 apud
1185 3486 1506 3557 Vergilium
1543 3501 1768 3554 quoque
1805 3485 2166 3541 inducuntur.

332 3569 381 3617 9.
424 3560 505 3616 cf.
545 3559 760 3615 Robert
795 3557 927 3612 Bild
964 3576 1017 3612 11.
1056 3557 1195 3612 Lied
1231 3576 1285 3627 p.
1320 3563 1422 3612 192
1440 3574 1561 3625 sqq.
