2622 3960
368 162 549 217 LVIII
1175 158 1609 215 PRAEFATIO.

370 350 576 409 genuS,
623 349 817 406 neque
856 329 935 387 ad
977 328 1202 388 Bacchi
1239 327 1555 388 sollemnia
1591 346 1812 404 omneS,
1859 327 1965 387 sed
2002 325 2302 403 quaedam
2340 325 2420 384 ad

371 419 675 496 Apollinis
721 417 1040 478 manifesto
1087 417 1504 494 pertinuerint.
1524 409 1574 499 1)

547 508 692 567 XIV
711 502 899 587 [XV]
954 507 1320 583 Inscriptum
1338 507 1457 565 fuit
1473 499 1885 585 Ἀντηνορίὸαι
1903 501 1944 583 ἢ
1963 500 2209 581 Ἑλένης
2237 501 2419 564 ἀπαί-

367 613 535 675 τησις
550 641 567 675 ,
617 617 737 673 qua
788 596 1177 672 inscriptione
1233 596 1442 655 statim
1486 594 1923 654 reminiscimur
1960 592 2273 670 Sophoclis
2318 595 2417 654 vel

364 686 610 745 fabulae
630 686 727 746 vel
755 685 1113 745 fabularum.
1170 685 1371 744 Unam
1399 685 1558 744 enim
1584 683 1855 743 fabulam
1871 682 2056 742 fuisse
2076 682 2311 743 duabus
2332 683 2418 742 eis

366 774 859 852 inscriptionibus
897 774 1237 851 praeditam
1276 766 1499 855 (altera
1533 773 1817 832 nimirum
1854 792 1891 832 a
1928 772 2106 832 choro
2145 768 2417 851 sumpta)

370 885 443 923 ex
504 865 637 940 ipso
703 864 1086 940 Bacchylidis
1151 863 1414 922 carmine
1477 862 1602 921 iam
1666 861 1979 938 aliquanto
2043 860 2419 937 probabilius

356 953 598 1012 'factum
617 956 726 1027 est,
744 952 1101 1028 praesertim
1121 971 1255 1010 cum
1282 951 1541 1028 suspicio
1570 950 1651 1010 sit
1678 951 1941 1027 priorem
1966 950 2423 1026 inscriptionem

363 1061 406 1101 a
452 1041 744 1118 Sophocle
792 1060 919 1101 esse
962 1041 1028 1100 in
1073 1040 1501 1117 Bacchylidem
1544 1040 1922 1099 translatam.
2014 1040 2232 1098 Exstat
2288 1057 2418 1098 car-

364 1131 548 1190 minis
601 1130 988 1207 principium,
1045 1130 1150 1188 sed
1192 1128 1449 1205 pessime
1493 1128 1795 1205 habitum,
1853 1131 1915 1188 et
1960 1131 2226 1188 extrema
2271 1147 2417 1205 pars

366 1220 598 1278 XXVII
642 1219 911 1280 versibus
958 1222 1262 1294 constans3
1308 1218 1483 1276 XXH
1518 1236 1726 1277 versus
1762 1219 1943 1294 plane
1982 1217 2417 1277 desiderantur.

366 1310 618 1368 Nullum
667 1310 758 1367 est
803 1307 1190 1384 prooemium,
1238 1306 1394 1365 sicut
1438 1326 1513 1365 ne
1560 1307 1833 1385 epilogus
1871 1307 2136 1383 quidem3
2182 1307 2248 1364 in
2295 1327 2418 1365 me-

362 1399 499 1457 dias
563 1416 658 1456 res
723 1397 932 1456 statim
997 1396 1371 1471 deducimur,
1434 1395 1611 1455 initio
1679 1415 1715 1454 a
1780 1396 2023 1455 Theano
2089 1395 2419 1456 Antenoris

364 1506 550 1545 uxore
598 1489 855 1562 sumpto,
894 1485 1062 1544 cuius
1087 1485 1228 1544 inde
1267 1504 1305 1543 a
1339 1506 1395 1545 v.
1437 1488 1522 1545 10
1568 1484 1807 1544 videtur
1841 1485 2081 1562 longior
2116 1484 2419 1560 quaedam

364 1576 562 1635 oratio
628 1575 828 1633 fuisse.
938 1575 1070 1633 Hoc
1130 1574 1324 1650 igitur
1385 1577 1477 1633 est
1551 1577 1998 1651 argumentum:
2070 1573 2420 1633 Menelaum

365 1665 721 1739 Ulixemque
768 1663 1002 1739 legatos
1041 1663 1285 1722 Troiam
1321 1663 1533 1722 missos
1562 1663 1640 1722 ad
1666 1663 2092 1739 reposcendam
2119 1663 2420 1722 Helenam

366 1746 571 1834 (Hom.
627 1755 688 1810 Γ
740 1752 868 1811 205
935 1743 1094 1833 sqq.)
1159 1751 1422 1827 hospitio
1497 1752 1730 1828 excepit
1793 1752 2063 1826 Thean0,
2140 1751 2237 1810 cui
2312 1771 2419 1811 cur

364 1841 718 1917 praecipuas
762 1842 967 1915 partes
1014 1840 1245 1899 dederit
1290 1844 1498 1917 poeta,
1544 1841 1878 1917 postposito
1925 1841 2259 1916 Antenore,
2319 1841 2419 1900 cui

365 1930 664 1990 Homerus
713 1948 813 1989 eas
858 1929 1156 1989 tribuerat
1203 1921 1285 2011 (v.
1330 1933 1456 1991 207
1507 1922 1643 2013 sq),
1679 1949 1838 1989 nunc
1874 1948 1996 1990 non
2037 1930 2417 2007 perspicitur.

368 2020 664 2078 Filiorum
710 2021 914 2078 autem
958 2019 1284 2079 Antenoris
1334 2020 1801 2098 quinquaginta,
1851 2039 2000 2095 quos
2048 2039 2121 2078 ex
2166 2020 2417 2080 Theano

362 2127 572 2168 omnes
627 2110 933 2184 susceptos
988 2108 1133 2167 fecit
1174 2108 1572 2186 Bacchylides
1589 2102 1658 2186 2),
1714 2109 1961 2167 fuerunt
2006 2109 2304 2184 quaedam
2348 2110 2416 2168 in

364 2198 635 2257 versibus
692 2196 1016 2273 deperditis
1070 2200 1274 2274 partes
1290 2190 1372 2280 ³),
1430 2199 1535 2257 sed
1588 2216 1693 2257 eae
1739 2217 1860 2256 non
1904 2201 2158 2274 possunt
2202 2202 2414 2257 tantae

363 2287 575 2363 fuisse,
641 2289 709 2345 ut
770 2286 901 2345 iure
964 2287 1104 2346 inde
1162 2306 1420 2346 carmen
1479 2280 1891 2366 Ἀντηνορίδαι
1960 2286 2414 2364 inscriberetur3

365 2376 573 2451 itaque
614 2374 978 2450 Sophocleae
1024 2376 1265 2435 fabulae
1301 2375 1614 2452 inscriptio
1651 2376 1716 2434 in
1754 2394 1935 2435 causa
1972 2376 2171 2435 fuerit.
2234 2376 2412 2455 Legi-

362 2484 498 2524 mus
544 2465 755 2523 deinde
802 2464 1142 2524 contionem
1179 2466 1404 2524 Troum
1442 2466 1831 2524 convocatam
1869 2484 1994 2532 esse
2030 2465 2413 2541 primumque

360 2553 452 2612 ibi
494 2553 680 2613 verba
726 2553 936 2613 fecisse
979 2554 1349 2630 Menelaum,
1406 2573 1659 2630 quorum
1705 2553 2068 2629 principium
2127 2554 2411 2630 gravissi·

364 2663 530 2700 mum
585 2641 825 2702 exhibet
877 2646 1083 2719 poeta,
1141 2642 1245 2702 sed
1298 2644 1364 2701 in
1419 2661 1489 2701 eo
1543 2643 1838 2718 principio
1892 2643 2074 2701 finem
2128 2643 2412 2702 carminis

362 2732 528 2791 facit.
541 2724 596 2813 4)
688 2731 1106 2808 Dithyrambis
1160 2735 1322 2791 recte
1378 2730 1739 2790 attributum
1794 2750 1921 2791 esse
1976 2734 2152 2807 puto:
2215 2752 2411 2809 neque

364 2821 524 2879 enim
577 2821 642 2879 in
696 2821 961 2897 hymnis,
1028 2821 1125 2879 cui
1190 2819 1396 2897 generi
1460 2820 1739 2879 attribuit
1801 2820 2131 2879 Britannus
2197 2821 2411 2897 editor,

545 2977 598 3039 1)
637 2972 785 3042 Apte
804 2971 1275 3026 Wilamowitzius
1315 2970 1491 3041 (Gott.
1532 2971 1650 3028 Gel.
1691 2972 1826 3026 Anz.
1869 2977 2009 3026 1898
2036 2990 2089 3041 p.
2123 2976 2249 3039 145)
2279 2990 2411 3027 con-

360 3044 476 3098 fert
530 3044 719 3098 locum
762 3041 1057 3097 Plutarchi
1102 3043 1195 3112 (de
1245 3043 1464 3097 musica
1509 3061 1553 3098 0.
1605 3046 1719 3113 10),
1775 3041 1877 3097 ubi
1932 3043 2002 3097 de
2049 3042 2409 3100 Xenodamo:

366 3116 819 3188 ἀμφισβητεῖται,
870 3114 920 3168 εἰ
955 3114 1219 3169 παιάνων
1255 3114 1492 3184 ποιητὴς
1529 3112 1757 3185 γέγονεν
1788 3159 1799 3170 .
1831 3114 2087 3183 ἡρωϊκῶν
2124 3113 2232 3184 γὰρ
2271 3116 2411 3170 ὑπο-

362 3184 584 3241 θέσεων
621 3184 926 3256 πράγματα
964 3180 1211 3254 ἐχουσῶν
1239 3185 1482 3255 ποιητὴν
1519 3184 1818 3256 ’γεγονέναι
1855 3186 2034 3255 φασὶν
2073 3184 2273 3240 αὐτόν·
2315 3188 2408 3241 διὸ

364 3255 464 3311 καί
480 3277 642 3320 τινας
669 3259 707 3311 δ
722 3253 1159 3328 ιθυράμβους
1187 3261 1380 3311 καλεῖν
1400 3258 1575 3312 αὐτοῦ
1597 3256 1697 3320 τὰς
1714 3255 2033 3318 ὑποθέσεις.
2146 3260 2201 3328 2)
2221 3257 2406 3313 Schol.

361 3331 418 3382 Ω
454 3334 585 3394 496;
623 3346 671 3382 v.
714 3328 789 3380 ad
827 3333 893 3381 15
932 3344 1052 3407 sqq.
1199 3331 1254 3398 3)
1290 3327 1358 3382 V.
1399 3334 1466 3382 37
1507 3323 1650 3398 ἆγον
1687 3328 1845 3382 verbi
1882 3327 2203 3382 subiectum
2258 3332 2407 3383 sunt.

361 3401 419 3480 4>
456 3399 603 3452 Hinc
640 3397 1081 3452 Wilamowitzio
1128 3400 1202 3468 (p.
1243 3403 1369 3469 135)
1416 3416 1643 3454 carmen
1686 3398 1952 3453 mutilum
1998 3415 2119 3453 esse
2165 3398 2408 3470 videtur,

361 3472 514 3523 sicut
557 3469 876 3539 proximum
926 3485 1163 3537 quoque.
1246 3470 1326 3525 At
1371 3489 1472 3525 cur
1514 3470 1604 3525 vel
1642 3487 1678 3524 a
1712 3469 1920 3539 quibus
1965 3469 2108 3524 haec
2153 3488 2410 3540 unquam

361 3539 630 3594 mutilata
667 3539 783 3594 sint
815 3539 986 3609 plane
1024 3557 1137 3594 non
1171 3541 1527 3611 perspicitur.
