2622 3960
313 196 389 249 VI
1109 194 1540 249 PRAEFATIO.

312 366 656 439 extremum,
677 363 928 423 fortasse
949 363 1128 422 etiam
1150 364 1309 439 quod
1319 364 1696 439 principium.
1736 362 1909 432 Quod
1928 367 2133 423 autem
2152 382 2341 441 genus

311 453 392 513 sit
438 451 785 528 carminum,
832 452 1005 517 docet
1051 451 1313 529 ServiuS,
1361 453 1468 529 qui
1514 472 1586 512 ex
1631 452 1891 512 carmine
1937 453 2097 511 XVI.
2143 454 2343 512 locum

311 541 570 600 afferens.
607 541 692 600 sic
737 540 850 599 ait:
894 541 1283 618 Bacchylides
1331 542 1394 600 in
1431 543 1829 618 dithyrambis.
1919 542 2123 601 Pauca
2160 561 2232 602 ex
2268 561 2337 603 eo

311 649 525 708 genere
552 634 865 706 praeterea
893 631 1242 707 afferuntur,
1279 649 1598 706 possumus
1628 633 1832 693 autem
1862 629 2056 690 Servii
2084 632 2344 689 alterum

313 738 553 795 quoque
581 720 797 795 locum,
826 719 930 777 ubi
960 720 1167 778 eadem
1193 720 1455 781 formula
1480 720 1697 795 utitur,
1728 720 1805 778 ad
1832 720 2014 779 verba
2045 720 2352 796 quaedam·

310 808 530 867 referre
587 826 742 884 quae
808 807 1057 867 Pindari
1120 809 1442 869 scholiasta
1507 829 1579 867 ex
1639 809 1999 884 Bacchylide
2063 810 2344 884 servavit,

314 916 433 956 non
481 896 725 957 definito
771 897 1048 956 carminis
1095 918 1327 975 genere,
1377 917 1653 974 quaeque
1700 898 1763 956 in
1810 899 2053 957 chartae
2098 901 2341 958 nostrae

310 986 714 1063 fragmentulo
751 1005 910 1045 nunc
945 988 1249 1065 leguntur.
1345 985 1649 1063 Septimus
1677 987 1729 1045 is
1758 988 1874 1053 erit
1909 987 2343 1063 dithyrambuS,

312 1093 641 1151 expressae,
688 1078 760 1134 ut
806 1075 1084 1151 equidem
1128 1075 1490 1152 putaverim,
1538 1076 1612 1135 ab
1640 1076 1897 1136 Horatio
1943 1076 2007 1134 in
2034 1078 2073 1134 l.
2101 1077 2133 1134 I
2160 1096 2208 1135 c.
2243 1078 2343 1152 15,

312 1163 476 1239 quod
540 1163 618 1222 ad
683 1164 1062 1240 Bacchylidis
1127 1165 1528 1224 imitationem
1592 1166 1821 1224 factum
1885 1184 2010 1224 esse
2083 1168 2348 1224 testatur

310 1251 661 1328 PorphyriO.
761 1253 1053 1313 Horatius
1107 1254 1372 1314 Nereum
1434 1254 1506 1314 de
1561 1254 1805 1313 Troiani
1868 1254 2014 1313 belli
2077 1255 2346 1313 cladibus

311 1341 388 1400 ad
432 1342 711 1401 Paridem
756 1343 1188 1402 vaticinantem
1231 1344 1491 1416 inducit3
1550 1343 1714 1419 apud
1761 1342 2055 1402 Graecum
2100 1346 2343 1419 poetam

314 1431 728 1507 Porphyrione
772 1435 927 1491 teste
960 1432 1409 1491 vaticinabatur
1438 1431 1797 1505 Cassandra3
1844 1432 2030 1490 fuerit
2056 1432 2248 1509 igitur
2282 1431 2346 1489 id

312 1538 549 1578 carmen
596 1520 958 1600 Κασσάνδρα
1001 1522 1384 1597 inscriptum,
1432 1523 1493 1581 et
1539 1540 1676 1579 cum
1723 1524 1779 1579 K
1823 1521 2028 1579 littera
2072 1519 2345 1595 proxima

311 1608 390 1667 sit
435 1614 575 1685 post
621 1612 678 1684 I,
733 1610 1072 1685 proximum
1116 1615 1255 1686 post
1299 1611 1471 1669 Idam
1514 1610 1715 1669 locum
1768 1609 2063 1669 habuerit.
2154 1608 2342 1669 Porro

310 1697 556 1756 Pindari
603 1698 924 1758 scholiasta
971 1698 1034 1756 in
1071 1699 1451 1775 dithyrambo
1487 1697 1866 1774 Bacchylidis
1904 1699 1976 1757 de
2004 1698 2343 1758 Philocteta

310 1790 624 1845 narratum
671 1805 796 1846 esse
843 1787 1019 1846 dicit:
1072 1788 1283 1864 itaque
1332 1788 1488 1847 alius
1535 1788 1656 1846 fuit
1703 1787 2118 1863 dithyrambus
2165 1789 2347 1847 Φιλο-

310 1873 542 1952 κτήτης,
590 1879 651 1934 et
688 1877 843 1935 alius
882 1875 1176 1937 Λαοκόων
1222 1877 1550 1936 secundum
1597 1876 1889 1953 Servium,
1937 1878 2050 1937 etsi
2096 1896 2166 1937 eo
2211 1877 2343 1936 loco

313 1959 399 2023 ‘in
454 1960 872 2041 dithyrambis'
927 1966 1081 2025 illud
1136 1987 1255 2027 non
1313 1970 1404 2026 est
1458 1966 1757 2041 additum3
1812 1986 2143 2044 rursusque
2191 1966 2346 2025 alius

310 2055 565 2114 fortasse
611 2053 880 2134 Εὐρώπη
916 2056 1258 2132 inscriptuS,
1296 2076 1435 2115 cum
1472 2056 1754 2132 Europae
1795 2076 2036 2132 quoque
2073 2056 2342 2115 fabulam

311 2144 715 2219 acceperimus
741 2163 777 2203 a
798 2144 1159 2220 Bacchylide
1189 2146 1414 2204 alicubi
1431 2148 1863 2221 pertractatam
1882 2163 2008 2203 esse
2033 2141 2113 2222 (v.
2134 2145 2245 2222 frg.
2262 2147 2345 2203 10

312 2232 491 2291 huius
539 2226 727 2314 edit).
820 2233 1198 2310 Quamquam
1243 2236 1355 2293 hoc
1400 2234 1593 2312 magis
1633 2234 1883 2292 dubium
1918 2233 2110 2292 videri
2147 2232 2339 2308 debet,

309 2321 363 2379 si
383 2321 626 2397 quidem
651 2322 929 2382 carminis
951 2324 1112 2400 quod
1130 2325 1394 2400 primum
1412 2323 1593 2382 habet
1612 2323 1819 2382 charta
1838 2326 2044 2381 nostra
2070 2322 2238 2398 prior
2254 2322 2343 2379 in-

309 2410 556 2486 scriptio
595 2412 668 2470 ab
700 2416 758 2471 A
784 2413 989 2471 littera
1025 2413 1254 2489 incipit,
1304 2413 1418 2471 etsi
1456 2414 1648 2471 altera
1680 2410 1754 2470 ab
1782 2415 1840 2470 E
1877 2411 2033 2470 sicut
2059 2409 2347 2489 Εὐρώπη.

310 2499 600 2558 Videmus
629 2503 787 2559 certe
815 2505 1055 2578 praeter
1081 2520 1181 2560 sex
1209 2502 1357 2561 haec
1386 2501 1649 2560 carmina
1677 2501 1799 2559 alia
1828 2500 2160 2559 consimilia
2189 2519 2344 2560 com-

311 2589 488 2664 plura
515 2589 716 2665 fuisse,
745 2590 1038 2667 facileque
1067 2591 1420 2650 adducimur
1445 2593 1516 2649 ut
1543 2589 1903 2649 coniciamus
1933 2589 2344 2664 dithyrambos

312 2697 550 2754 quoque
592 2678 828 2738 circiter
862 2680 1005 2737 XIV
1038 2680 1219 2738 fuisse
1258 2683 1322 2739 et
1355 2680 1520 2738 mille
1558 2679 1682 2737 fere
1719 2698 1999 2738 versuum
2035 2698 2347 2737 numerum

311 2768 596 2843 explesse,
623 2767 688 2825 id
716 2772 806 2827 est
834 2768 977 2826 iusti
1005 2769 1326 2829 voluminis
1353 2787 1710 2827 mensuram.
1767 2768 1984 2843 Itaque
2011 2788 2132 2827 non
2169 2767 2344 2825 unius

310 2856 632 2915 voluminis
678 2858 786 2915 has
832 2857 1160 2932 particulas
1206 2876 1363 2915 nunc
1398 2858 1897 2933 recuperavimuS,
1937 2856 2040 2915 sed
2077 2857 2343 2916 duorum.

310 2944 478 3004 Haec
521 2949 834 3021 praeterea
871 2965 1090 3024 genera
1117 2946 1496 3021 Bacchylidis
1526 2947 1857 3005 carminum
1885 2962 2346 3006 commemoran-

312 3035 439 3092 tur:
468 3029 708 3112 ‘'Tavoc,
745 3037 1032 3113 Παιᾶνες,
1070 3033 1397 3112 Προσόὸια,
1426 3030 1853 3114 Ἵῗιτορχήματα,
1886 3028 2185 3112 Ἐρωτικοὶ.
2259 3031 2344 3090 At

310 3142 627 3181 numerum
680 3123 968 3184 librorum
1021 3143 1194 3183 nemo
1253 3124 1509 3200 indicat,
1571 3125 1921 3198 incertaque
1986 3121 2344 3201 coniectura,

314 3213 642 3271 numeratis
686 3213 915 3271 scilicet
951 3214 1042 3272 his
1079 3213 1436 3289 nominibuS,
1483 3214 1562 3272 ad
1588 3212 1995 3289 septenarium
2030 3229 2344 3268 numerum

313 3301 709 3374 pervenimus
818 3301 1195 3379 Quamquam
1261 3305 1460 3362 totum
1521 3303 1740 3361 librum
1804 3298 2094 3379 ἐρωτικῶν
2162 3299 2346 3357 fuisse

316 3407 493 3465 aegre
540 3390 689 3448 mihi
723 3392 1071 3466 persuadeo,
1116 3392 1430 3469 magisque
1471 3391 1811 3467 putaverim
1849 3408 1919 3447 ea
1955 3407 2092 3447 cum
2127 3389 2347 3464 hypor-

315 3477 627 3554 chematiS,
676 3499 829 3555 quae
877 3483 938 3539 et
981 3481 1115 3557 ipsa
1161 3480 1464 3539 hilarioris
1510 3480 1751 3538 fuerunt
1807 3478 2170 3555 argumenti,
2227 3497 2347 3537 uno

312 3564 615 3626 volumine
663 3569 845 3628 fuisse
893 3569 1334 3645 comprehensa.
1429 3568 1545 3627 Sed
1589 3588 1664 3626 ne
1708 3567 1772 3625 id
1815 3566 2055 3643 quidem
2093 3570 2347 3644 constat,
