2622 3960
348 210 473 264 LIV
1149 209 1582 265 PRAEFATIO.

347 378 662 439 verborum
723 398 911 455 usque
977 380 1056 438 ad
1119 379 1377 457 epodum
1432 380 1677 438 tertiam
1737 379 2093 438 extenditur.
2187 379 2384 456 Argu-

352 472 624 528 mentum
671 470 762 527 est
807 469 1042 528 insania
1068 468 1275 527 Proeti
1301 469 1567 527 filiarum
1596 487 1633 526 a
1657 468 1859 527 Diana
1878 463 2101 550 Ἡμέρᾳ
2131 468 2390 544 denique

347 562 591 632 sanata3
655 558 780 617 eius
842 577 1055 634 nempe
1111 558 1257 617 deae
1313 558 1525 635 religio
1582 557 1657 615 ab
1712 557 1968 616 Achaeis
2022 557 2386 633 Metapontii

346 647 753 707 conditoribus
818 647 882 704 in
945 666 1131 706 novas
1196 647 1365 705 sedes
1430 648 1729 705 translata
1794 648 1925 705 erat
1989 638 2148 728 (113
2205 638 2387 727 sqq),

348 736 689 812 diciturque
736 736 1005 794 eiusdem
1052 736 1197 794 deae
1243 736 1448 794 favore
1497 735 1683 794 etiam
1727 734 2083 793 Alexidamo
2129 735 2387 795 victoria

347 824 632 902 obtigisse
681 816 792 907 (37
845 820 1018 901 sqq..)
1110 824 1344 883 Ultima
1390 824 1613 899 epodus
1660 843 1853 901 pauca
1889 827 1951 883 et
1987 824 2167 883 exilia
2202 824 2389 883 habet

348 912 420 972 de
466 914 845 973 Achaeorum
898 912 1252 988 virtutibuS,
1307 913 1460 972 nihil
1516 912 1588 971 de
1644 914 1895 990 victore,
1958 913 2125 972 cuius
2172 913 2388 973 laudes

343 1002 540 1117 primo
586 1005 914 1079 systemate
961 1001 1275 1061 absolutae
1323 1004 1480 1061 sunt.
1565 1041 1570 1046 -

523 1088 851 1168 XI.[XII]
926 1091 1040 1150 Est
1085 1091 1394 1151 exordium
1431 1091 1712 1150 carminis
1760 1091 1884 1151 sive
1931 1090 2221 1167 longioris
2259 1091 2387 1151 sive

342 1180 647 1256 brevioris,
696 1180 894 1239 Tisiae
922 1180 1256 1257 Aeginetae
1287 1180 1361 1239 ob
1390 1180 1738 1240 luctationis
1774 1181 2092 1240 victoriam
2118 1180 2385 1240 Nemeae

343 1271 585 1345 partam
618 1269 855 1371 scripti.
947 1269 1189 1346 Excipit
1234 1269 1396 1328 enim
1439 1288 1661 1347 magna
1706 1271 1923 1329 lacuna
1963 1288 2082 1345 qua
2120 1272 2387 1328 extrema

341 1377 483 1433 pars
537 1359 929 1435 epiniciorum
975 1378 1012 1417 a
1065 1359 1320 1435 reliquis
1378 1359 1677 1435 dirempta
1735 1362 1849 1435 est,
1907 1359 2075 1418 cuius
2129 1358 2386 1417 lacunae

341 1466 416 1505 ne
464 1447 726 1506 ambitus
774 1448 1015 1523 quidem
1060 1450 1263 1523 potest
1308 1447 1559 1506 definiri.

520 1536 637 1594 XII
670 1528 964 1617 [XIII].1)
1028 1536 1160 1596 Ηο0
1190 1537 1451 1596 carmine
1482 1537 1722 1614 egregio
1753 1536 2089 1595 celebratur
2114 1535 2387 1611 Pytheae

339 1625 670 1701 Aeginetae
718 1625 927 1684 eadem
972 1625 1228 1684 victoria
1263 1626 1566 1685 Nemeaea
1602 1626 1914 1702 pancratio
1952 1628 2146 1701 parta,
2196 1644 2385 1702 quam

340 1714 649 1773 collaudat
701 1713 1001 1772 Pindarus
1062 1715 1325 1773 carmine
1371 1714 1669 1774 Nemeaeo
1728 1714 1956 1791 quinto,
2049 1714 2384 1791 Aeginetae

339 1803 556 1861 fratres
593 1803 843 1861 fuerunt
877 1801 1142 1878 Pytheas
1189 1804 1399 1877 maior,
1445 1804 1643 1863 minor
1680 1804 1914 1880 aliquot
1950 1804 2123 1863 annis
2161 1803 2383 1879 Phyla-

342 1891 532 1967 cidae,
602 1891 928 1967 Lamponis
1001 1890 1139 1965 filii,
1213 1892 1387 1951 credo
1463 1892 1732 1951 eiusdem
1796 1911 1973 1968 quem
2036 1892 2383 1951 Herodotus

342 1972 471 2061 (IX,
509 1971 616 2061 78)
665 1984 727 2039 et
770 1980 1039 2056 Pytheae
1085 1980 1278 2039 filium
1324 1984 1502 2041 vocat
1549 1985 1609 2041 et
1644 1978 2016 2062 Αἰγινητέων
2063 1979 2133 2041 τὰ
2179 1991 2384 2061 πρῶτα

337 2069 522 2128 fuisse
569 2069 730 2128 dicit.
823 2069 995 2139 Quod
1040 2070 1201 2129 enim
1240 2069 1502 2131 Cleonici
1548 2077 1688 2143 παῖς
1727 2075 1818 2130 031
1854 2072 2018 2147 apud
2052 2071 2384 2130 Pindarum

339 2151 575 2239 (Isthm.
621 2159 711 2215 VI
761 2155 891 2235 [V],
942 2151 1074 2240 16),
1118 2160 1322 2234 potuit
1365 2160 1416 2218 is
1472 2161 1662 2236 patris
1716 2160 1947 2219 nomini
2003 2161 2101 2220 avi
2161 2179 2382 2220 nomen

338 2247 717 2324 substituere,
763 2268 839 2307 ne
888 2249 1035 2324 quid
1081 2251 1239 2308 esset
1285 2268 1357 2307 ex
1404 2245 1715 2332 ὁμωνυμία
1761 2249 2139 2325 incommodi,
2187 2269 2382 2327 neque

336 2336 516 2412 plane
563 2294 925 2395 inusitatum
971 2343 1114 2408 παῖς
1162 2337 1234 2396 de
1270 2341 1490 2414 nepote
1531 2331 1614 2420 (v.
1654 2337 1891 2414 Olymp.
1930 2338 2097 2415 VIII,
2128 2339 2212 2397 45
2254 2331 2381 2421 al..)

341 2423 501 2484 Gens
537 2425 656 2483 fuit
691 2426 1189 2502 Psalychidarum
1229 2420 1464 2508 (Isthm.
1503 2428 1592 2485 VI
1624 2425 1755 2504 [V],
1797 2421 1928 2509 63).
2002 2428 2134 2486 Hae
2174 2431 2382 2486 autem

337 2517 479 2573 sunt
523 2514 810 2574 victoriae
860 2535 896 2573 a
940 2516 1137 2591 poetis
1184 2517 1547 2575 celebratae·
1593 2535 1715 2574 una
1750 2516 2020 2592 Pytheae
2057 2517 2380 2592 Nemeaea,

338 2604 505 2662 cuius
560 2604 769 2663 laudes
815 2607 1066 2680 uterque
1115 2605 1303 2680 canit3
1359 2608 1494 2663 tum
1546 2604 1906 2664 Isthmiacae
1955 2605 2110 2664 duae
2155 2605 2380 2682 Phyla-

338 2692 524 2767 cidae,
573 2713 829 2768 quarum
873 2694 1038 2769 prior
1082 2694 1426 2753 illustratur
1459 2693 1706 2752 Pindari
1755 2694 2015 2753 carmine
2052 2694 2380 2754 Isthmiaco

335 2781 426 2839 VI
447 2779 579 2858 [V]‚
606 2782 904 2859 posterior
929 2783 987 2838 V
1011 2779 1173 2859 [TVJ.
1255 2782 1459 2857 Atque
1498 2801 1633 2841 cum
1659 2784 1724 2841 in
1750 2784 1881 2859 hoc,
1912 2783 2072 2859 quod
2108 2786 2380 2860 tempore

335 2873 704 2946 postremum
734 2874 841 2947 est,
860 2890 1101 2947 pugnae
1131 2869 1498 2930 Salaminiae
1527 2873 1751 2931 mentio
1772 2871 1896 2949 fiat,
1924 2873 1988 2930 in
2017 2873 2230 2931 ceteris
2258 2892 2381 2932 non

334 2959 460 3035 fiat,
482 2960 774 3061 colligunt
798 2963 996 3018 cetera
1018 2959 1128 3017 illa
1148 2978 1354 3035 pugna
1373 2962 1639 3037 tempore
1660 2962 1862 3037 priora
1880 2961 2081 3020 fuisse.
2131 2960 2249 3020 Sed
2266 2962 2380 3021 hoc

337 3048 389 3106 si
416 3049 703 3125 posueriS,
734 3048 869 3108 vide
899 3047 1046 3123 quid
1072 3051 1376 3123 sequatur.
1466 3049 1633 3110 Dicit
1658 3051 1999 3109 Pindarus
1983 3070 2047 3108 m
2074 3051 2376 3109 Nemeaeo

337 3137 550 3212 quinto
590 3129 672 3218 (v.
712 3128 846 3217 49),
895 3136 1060 3211 quod
1094 3136 1281 3195 trium
1325 3139 1811 3215 antiquissimum
1857 3143 1974 3198 031.
2019 3137 2128 3219 χρὴ
2169 3132 2225 3198 δ’
2269 3132 2374 3198 ἀπ’

330 3218 605 3284 Ἀθανᾶν
659 3216 884 3284 τέκτον’
943 3222 1298 3303 ἀθληταῖσιν
1355 3225 1565 3306 ἔμμεν,
1626 3229 1853 3287 30111001
1907 3229 2054 3304 quia
2112 3227 2378 3303 Pytheas

336 3312 690 3372 Atheniensi
761 3313 1089 3373 Menandro
1172 3316 1462 3394 magistro
1544 3336 1690 3376 usus
1765 3319 1920 3392 erat,
2004 3316 2379 3393 eundemque

519 3518 572 3585 1)
608 3515 851 3571 Uberius
893 3519 965 3573 de
1001 3520 1109 3574 hoc
1147 3520 1395 3575 carmine
1442 3520 1536 3591 egi
1570 3520 1632 3574 in
1669 3519 2144 3575 commentatione
2180 3521 2380 3575 Museo

332 3586 609 3640 Rhenano
645 3587 861 3644 inserta
898 3592 1077 3660 (1898,
1114 3609 1168 3661 p.
1212 3598 1239 3646 1
1282 3595 1442 3662 sqq.)
