2622 3960
352 176 449 230 XL
600 204 601 207 ¹
1156 173 1585 229 PRAEFATIO.

354 388 391 397 -
412 386 426 412 ,
463 372 499 395 o
536 389 570 396 -
606 368 643 395 υ
676 360 746 397 aa.
832 344 923 402 Eo
969 344 1174 401 autem
1218 345 1350 402 loco
1395 343 1598 401 hiatus
1642 342 1734 401 bis
1762 341 2150 416 admittitur,
2205 341 2392 400 semel

360 430 604 506 quidem
626 423 707 512 (v.
731 422 844 512 64)
876 431 1262 491 antecedente
1290 431 1569 491 trochaeo
1597 442 1707 507 pro
1735 430 1959 490 iambo:
2006 420 2053 489 ὦ
2082 429 2393 509 μεγαίνητε

354 515 578 600 Ἱέρων·
637 518 711 579 σὺ
759 510 815 579 δ’
867 517 1065 598 ὄλβου.
1161 519 1387 596 Scripsi
1432 521 1638 579 autem
1683 518 2007 600 μεγαίνετε,
2054 519 2199 594 quia
2243 518 2393 578 haec

361 609 690 684 composita
755 608 918 685 apud
980 609 1087 668 hos
1151 613 1362 685 poetas
1425 610 1523 669 vel
1584 609 1648 667 in
1710 630 1881 686 -ητος
1944 608 2042 667 vel
2101 608 2166 666 in
2231 628 2391 678 -ετος

361 699 604 771 exeunt3
634 701 864 756 certum
891 696 1149 757 εὐαίνετε
1176 698 1399 773 XVIII,
1432 700 1531 757 12.
1604 698 1831 757 Eodem
1857 698 1989 756 loco
2025 696 2392 756 vocabulum

362 805 594 862 semper
638 786 864 862 finitur,
911 791 983 846 ut
1027 787 1266 846 silentio
1313 787 1511 846 hiatus
1557 786 1836 845 videatur
1871 786 2154 844 excusari.
2222 785 2392 844 Gete-

360 895 497 933 rum
574 875 781 934 eadem
852 876 1046 935 forma
1117 876 1300 934 huius
1375 894 1579 934 versus
1653 878 1836 951 atque
1907 873 2393 949 hendecasyllabi

364 962 675 1039 Sapphici‚
732 964 840 1039 qui
892 964 1154 1023 habebat
1205 967 1362 1023 teste
1406 964 1753 1041 Augustino
1799 964 2042 1023 tertiam
2086 962 2393 1040 τρίσημον.

361 1052 561 1111 Facile
614 1052 1041 1129 Bacchylideos
1095 1071 1303 1113 versus
1362 1053 1426 1111 in
1479 1052 1658 1128 pedes
1713 1071 1993 1112 senorum
2055 1055 2396 1127 temporum

363 1149 713 1227 redigimus:
771 1176 1454 1219 υυυυυυυυυυυ
1489 1130 2393 1220 -υΙ-,υ-υ-ΙΚυυ-,

361 1268 397 1292 c
434 1284 468 1292 -
504 1254 610 1308 —13
682 1259 830 1297 num
873 1242 1051 1314 recte,
1099 1239 1314 1298 nesci0.

540 1328 756 1404 Itaque
810 1347 951 1404 pars
1005 1328 1222 1388 horum
1277 1328 1609 1387 carminum
1661 1328 1839 1404 longe
1903 1327 2096 1387 maior
2151 1318 2395 1407 (utique

322 1484 330 1492 ,
367 1416 417 1475 si
456 1417 639 1475 etiam
677 1417 938 1476 ambitus
976 1417 1273 1477 rationem
1298 1408 1547 1497 habeas)
1565 1417 1710 1474 iam
1744 1419 2052 1491 utcunque
2086 1415 2397 1491 potuimus

366 1505 663 1581 explicata
710 1509 826 1564 est:
872 1507 918 1564 I.
966 1505 1038 1563 V.
1086 1505 1221 1563 VH.
1267 1505 1433 1563 Vm.
1471 1505 1573 1564 IX.
1612 1506 1682 1563 X.
1720 1505 1822 1563 XI.
1859 1505 1992 1562 XII.
2030 1504 2195 1561 XIH.
2224 1503 2396 1575 XIV3

362 1594 471 1652 ΠΙ.
499 1594 674 1652 XIX.
721 1594 846 1651 XX.
880 1600 885 1606 ’
937 1594 1093 1652 Item
1129 1594 1324 1653 maior
1358 1613 1498 1670 pars
1534 1594 2009 1670 fragmentorum
2046 1611 2200 1668 quae
2238 1591 2400 1668 apud

366 1686 596 1742 veteres
662 1686 902 1742 servata
967 1684 1134 1757 sunt3
1208 1701 1493 1741 numerus
1568 1682 1726 1741 enim
1790 1682 2103 1758 enhoplius
2166 1682 2230 1739 in
2303 1681 2397 1739 his

366 1774 696 1847 comparet:
766 1773 820 1828 1.
880 1773 936 1828 2.
994 1773 1033 1829 4
1093 1762 1401 1851 (strophae
1457 1762 1774 1851 integrae).
1835 1773 1935 1831 13.
1988 1772 2086 1828 14.
2149 1771 2249 1828 18.
2311 1772 2397 1830 20

397 1860 679 1936 strophae
725 1850 1043 1940 integrae).
1093 1862 1193 1918 22.
1252 1861 1355 1918 24.
1415 1861 1517 1918 25.
1575 1850 1736 1940 (26.)
1795 1861 1897 1918 28.
1965 1861 2066 1919 30.
2122 1859 2223 1917 33.
2296 1860 2402 1916 34.

402 1941 532 2030 35.)
583 1940 743 2030 (36.)
787 1950 888 2025 37,
924 1968 1119 2025 neque
1154 1949 1389 2024 reliqua
1425 1949 1713 2025 pleraque
1749 1948 1813 2007 in
1849 1967 2094 2008 censum
2128 1947 2400 2023 veniunt,

370 2038 594 2114 quippe
640 2037 748 2096 ubi
790 2057 911 2097 non
955 2038 1088 2113 ipsa·
1124 2041 1340 2114 poetae
1376 2038 1560 2098 verba
1593 2038 1822 2097 tradita
1859 2038 1995 2097 sint.
2062 2036 2403 2096 Secundum

371 2129 576 2186 autem
630 2127 925 2204 dignitate
980 2147 1367 2187 numerorum
1423 2146 1608 2204 genus
1663 2127 1822 2185 idem
1877 2129 1967 2186 est
2023 2126 2183 2202 quod
2239 2124 2402 2202 apud

368 2215 700 2274 Pindarum
755 2235 989 2291 quoque
1046 2215 1371 2275 secundum
1425 2218 1624 2276 locum
1669 2216 1926 2274 obtinet:
1965 2210 2242 2293 ’Ἀριστον
2290 2210 2398 2292 μὲν

370 2304 555 2384 ὕδωρ,
602 2300 633 2363 ὃ
681 2300 745 2363 δὲ
791 2301 1006 2385 χρυσὸς
1052 2304 1381 2383 αἰθόμενον
1425 2313 1563 2385 πῦρ.
1653 2304 1789 2363 Nisi
1827 2304 1987 2380 quod
2022 2304 2168 2363 haec
2215 2304 2399 2361 inter-

370 2397 511 2454 sunt
554 2394 712 2452 inter
755 2397 1074 2469 utrumque
1120 2396 1388 2470 poetam:
1433 2395 1694 2469 primum
1738 2392 1899 2469 quod
1940 2392 2099 2468 apud
2135 2392 2400 2467 Bacchy-

369 2483 554 2541 lidem
606 2482 971 2557 simpliciora
1024 2483 1419 2559 facilioraque
1475 2483 1702 2558 omnia,
1756 2483 1914 2541 sicut
1968 2483 2032 2540 in
2079 2481 2401 2556 enhopliis;

373 2571 584 2631 deinde
657 2570 821 2647 quod
882 2571 1179 2630 Pindarus
1253 2591 1324 2631 eo
1398 2590 1610 2648 genere
1684 2571 1870 2630 etiam
1939 2571 2005 2628 in
2075 2569 2402 2629 maioribus

372 2660 641 2737 epiniciis
679 2679 827 2719 usus
866 2661 973 2735 est,
1013 2659 1166 2719 Ceus
1206 2664 1413 2719 contra
1449 2663 1631 2736 poeta
1664 2660 1729 2718 in
1764 2660 2027 2718 minimis
2068 2658 2402 2733 dumtaxat,

374 2770 529 2826 quae
576 2752 720 2807 sunt
763 2749 839 2806 H.
887 2749 992 2806 IV.
1037 2749 1141 2807 VI.
1232 2749 1484 2809 Accedit
1527 2752 1731 2808 tamen
1768 2769 1799 2807 e
1838 2747 2232 2823 dithyrambis
2278 2766 2401 2806 car-

372 2859 510 2898 men
553 2838 730 2895 XVII
777 2829 1068 2919 (Θησεύς)
1124 2841 1414 2914 quattuor
1472 2838 1731 2913 strophis
1779 2838 2196 2913 compositum,
2244 2837 2403 2913 frag-

372 2930 576 2986 menta
623 2929 827 2984 autem
871 2926 992 2985 tria
1037 2946 1069 2986 e
1115 2927 1445 3002 paeanibus
1495 2918 1592 3008 (5)
1640 2926 2052 3002 prosodiisque
2101 2918 2213 3007 (11
2264 2917 2399 3005 sq),

375 3035 633 3091 quorum
677 3034 863 3073 unum
909 3006 1053 3096 (11)
1099 3016 1309 3091 paullo
1365 3015 1607 3074 maioris
1663 3016 1940 3074 ambitus.
2031 3015 2163 3073 Hoc
2217 3014 2408 3090 igitur

379 3123 567 3181 genus
606 3122 644 3162 a
687 3103 990 3179 plerisque
1036 3123 1195 3163 nunc
1239 3104 1499 3179 pessima
1544 3105 1948 3180 appellatione
1992 3103 2408 3180 logaoedicum

377 3195 648 3268 vocatur,
676 3211 829 3267 quae
858 3192 1186 3268 appellatio
1214 3192 1375 3251 inter
1400 3192 1645 3253 Lesbios
1673 3197 1881 3269 poetas
1912 3195 2045 3252 orta
2072 3192 2147 3250 ab
2178 3192 2406 3269 origine

378 3281 648 3356 dactylos
684 3281 821 3339 illos
851 3280 1206 3357 designabat
1232 3300 1269 3339 a
1295 3280 1591 3357 bisyllabo
1619 3281 1768 3357 pede
1799 3283 2207 3357 cuiuscunque
2245 3299 2404 3338 men-

382 3386 554 3428 surae
587 3367 939 3444 incipientes
970 3361 1232 3449 (ἠράμαν
1257 3365 1365 3447 μὲν
1393 3366 1505 3450 ἔγω
1534 3367 1711 3429 σέθεν
1725 3366 1902 3430 ’Ἀτθι
1928 3369 2107 3429 πάλαι
2133 3361 2310 3449 πότοι)
2325 3360 2405 3449 1);

561 3547 613 3615 l)
650 3543 882 3598 Aristid.
922 3543 1152 3608 Quintil.
1191 3563 1244 3615 p.
1284 3551 1350 3600 51
1392 3564 1472 3615 sq.
