2622 3960
386 203 532 258 nn
1162 203 1597 259 PRAEFATIO.

391 376 481 433 ter
532 373 794 449 primum
847 373 1227 449 stropharum
1270 389 1509 431 versum
1554 374 1813 446 constat:
1869 375 2010 431 sunt
2054 375 2259 431 autem
2302 373 2415 432 hae

384 463 639 521 formae:
685 506 722 516 -
756 487 795 514 υ
830 505 845 531 ,
881 487 920 514 υ
953 480 1026 515 2!
1063 505 1078 530 ‚
1113 505 1149 514 -
1186 487 1224 514 υ
1261 503 1275 529 ,
1311 487 1351 513 υ
1383 506 1421 514 -
1478 453 1753 543 (διπλοῦς
1798 462 2071 540 βακχεῖος
2116 457 2234 521 ἀπὸ
2282 482 2414 541 τρο-

386 551 557 630 χαίου
591 576 676 598 =
707 551 927 626 duplex
984 548 1359 610 choriambus
1372 541 1453 631 1))
1511 553 1613 609 str.
1663 552 1729 624 23
1774 578 1812 604 υ
1847 595 1882 605 -
1911 594 1926 619 ,
1952 577 1991 604 υ
2025 595 2060 603 -
2090 593 2105 619 ,
2131 596 2169 604 -
2202 577 2241 604 υ
2268 594 2283 620 ,
2310 577 2349 604 υ
2381 595 2419 606 -

388 633 689 721 (βακχεῖος
745 636 862 699 ἀπὸ
927 638 1169 718 ἰάμβου,
1207 663 1292 685 ---
1334 638 1710 698 choriambus
1767 638 2120 715 antepositis
2186 638 2417 699 duobus

385 724 627 806 iambis)
673 731 776 787 str.
827 729 883 787 3.
932 747 1021 804 ep.
1074 730 1128 785 1.
1179 728 1246 801 23
1283 754 1323 780 υ
1357 747 1464 797 Q,
1506 773 1536 783 -
1571 756 1642 797 o,
1678 755 1716 782 υ
1750 771 1820 796 -,
1854 754 1894 782 υ
1928 772 1965 783 ..
2011 719 2253 808 (ἴαμβος
2300 725 2417 788 ἀπὸ

385 809 691 899 βακχείου)
749 819 852 876 str.
908 819 949 875 4
1007 835 1096 892 ep.
1147 817 1217 889 33
1263 860 1299 869 ..
1335 843 1373 869 υ
1407 862 1442 870 -
1479 844 1549 886 υ,
1585 844 1624 870 υ
1657 862 1693 871 -
1714 860 1728 886 ,
1766 830 1837 871 -Δ
1883 807 2116 896 (catal.;
2171 814 2419 889 διπλοῦς

385 910 654 985 τροχαῖος
707 902 809 965 καὶ
863 903 1110 976 διπλοῦς
1156 895 1465 986 ἴαμβος2))
1527 908 1632 964 str.
1682 906 1748 979 53
1795 905 2050 981 denique
2094 950 2131 958 ..
2166 949 2235 975 -,
2275 951 2310 958 -
2345 933 2416 976 υ,

381 1022 420 1049 υ
455 1041 489 1048 -
527 1040 561 1049 ..
600 1014 689 1070 ep.
738 996 798 1070 4,
843 993 949 1052 ubi
994 993 1287 1069 spondeus
1336 997 1427 1052 est
1471 994 1535 1052 in
1580 994 1873 1070 principio
1917 995 2015 1053 vel
2060 1012 2170 1071 pro
2214 995 2416 1055 iambo

383 1084 480 1143 vel
526 1084 728 1159 potius
773 1101 882 1159 pro
936 1082 1233 1142 trochaeo,
1325 1082 1555 1159 Nempe
1600 1083 1664 1141 in
1708 1083 1898 1141 XVII.
1944 1083 2097 1141 talia
2149 1083 2418 1143 membra

383 1173 448 1230 in
511 1173 633 1231 alia
701 1172 948 1248 stropha
1004 1191 1039 1229 a
1092 1170 1373 1230 trochaeo
1434 1171 1676 1231 initium
1740 1171 2008 1248 capiunt,
2073 1172 2137 1230 in
2200 1172 2325 1231 alia
2379 1192 2416 1231 a

384 1261 672 1337 spondeo:
701 1253 739 1339 ἧ
777 1282 864 1332 τις
893 1256 1172 1340 ἁμετέρας
1199 1257 1424 1339 χθονὸς
1447 1287 1528 1308 =
1549 1257 1881 1337 κηῦτυκτον
1917 1257 2138 1320 κυνέαν
2165 1261 2415 1320 Λάκαι-.

384 1349 743 1426 Tribrachys
797 1368 1039 1425 quoque
1097 1341 1229 1430 (str.
1291 1341 1362 1431 4)
1422 1349 1797 1426 anticipitem
1859 1349 2450 1425 interpretationem,

385 1438 672 1498 admittit.
754 1438 990 1497 Primus
1027 1440 1232 1497 autem
1269 1439 1549 1514 strophae
1584 1456 1793 1498 versus
1831 1435 2418 1517 ὀκτωκαιδεκάσημος

383 1531 499 1604 est,
553 1546 765 1603 nempe
821 1528 1093 1606 βακχεῖος
1149 1523 1266 1586 ἀπὸ
1316 1526 1534 1606 ἰάμβου
1593 1530 1806 1586 auctus
1854 1528 2123 1586 clausula
2169 1527 2417 1586 diiambi

382 1616 741 1697 catalectici:
805 1642 843 1669 υ
881 1661 913 1669 -
950 1643 987 1668 υ
1023 1660 1057 1669 ..
1131 1660 1164 1668 -
1201 1646 1238 1667 υ
1272 1642 1310 1668 υ
1346 1659 1416 1685 -,
1454 1644 1492 1668 υ
1526 1662 1562 1671 -
1597 1631 1702 1672 ..Δ.
1786 1615 1848 1675 Is
1910 1635 2117 1676 versus
2180 1636 2289 1693 per
2353 1636 2415 1676 se

383 1706 653 1778 effertur:
698 1704 935 1780 reliqua
982 1705 1274 1779 quattuor
1307 1703 1576 1763 membra
1612 1705 1893 1781 strophae
1921 1705 1985 1763 in
2011 1724 2194 1764 unam
2221 1706 2415 1782 perio-

378 1794 526 1852 dum
572 1793 888 1853 coniuncta
934 1794 1099 1867 sunt,
1147 1792 1302 1850 sicut
1347 1792 1603 1852 fortasse
1648 1793 1833 1852 etiam
1878 1797 2165 1870 quattuor
2220 1794 2417 1871 epodi,

379 1883 596 1958 quibus
640 1882 748 1940 illa
792 1883 1080 1957 quattuor
1125 1881 1300 1956 quasi
1354 1884 1719 1957 repetuntur.
1734 1874 1785 1964 ³)
1877 1882 2287 1958 Inaequalitas
2349 1884 2413 1942 in

381 1992 449 2031 eo
488 1970 868 2047 conspicitur,
905 1969 1066 2047 quod
1101 1970 1449 2030 catalectico
1486 1971 1751 2032 membro
1789 1972 2068 2049 strophae
2113 1972 2277 2032 huic:
2326 1970 2417 2034 ὅτι

381 2059 566 2139 μάχας
620 2059 941 2139 θρασύχειρ
992 2053 1121 2138 Ἀρ-
1174 2059 1239 2117 in
1305 2059 1683 2136 antistropha
1740 2062 2060 2137 respondet
2122 2063 2416 2122 acatalec-

376 2152 533 2208 tum:
571 2164 711 2208 -σον
747 2145 1121 2225 ἐπεδείξαμεν
1148 2145 1433 2226 ἑβδομή-ς
1472 2149 1578 2207 sed
1611 2151 1759 2225 puto
1795 2152 1954 2208 recte
1991 2150 2413 2231 θρασύχειρος

376 2237 709 2297 coniectum
755 2256 898 2314 esse,
943 2238 1075 2313 ipso
1121 2255 1298 2296 sensu
1344 2238 1836 2297 commendatum.

557 2326 901 2395 Quartum
928 2345 1182 2402 carmen,
1211 2326 1374 2402 quod
1400 2326 1555 2386 sicut
1586 2329 1820 2386 sextum
1856 2330 1919 2386 et
1952 2327 2142 2386 XVII.
2178 2328 2414 2386 nullam

376 2415 561 2474 habet
606 2415 877 2491 epodum,
922 2415 1183 2491 primum
1225 2415 1320 2474 bis
1364 2416 1912 2491 hypercatalectam
1955 2416 2269 2492 periodum
2314 2436 2411 2475 ex-

376 2503 568 2563 hibet:
613 2531 651 2558 υ
685 2531 724 2558 υ
757 2530 796 2557 υ
830 2549 866 2558 -
901 2531 1330 2572 υυυυυυυ
1366 2507 1498 2563 tum
1543 2523 1677 2563 eam
1722 2524 1875 2580 quae
1922 2502 2097 2584 μέσος
2139 2510 2413 2584 τροχαῖος

376 2596 625 2652 vocatur
671 2588 694 2670 (
714 2619 1314 2663 υυυυυυυυυυ
1340 2585 1366 2675 )
1416 2594 1685 2652 clausula
1718 2621 1757 2648 υ
1792 2640 1826 2648 -
1864 2640 1898 2648 -
1946 2597 2210 2668 auctam,
2269 2594 2412 2653 dein

373 2682 532 2740 hunc
568 2682 765 2757 ipsum
801 2677 1391 2760 ὀκτωκαιδεκάσημον
1429 2682 1634 2741 addito
1672 2682 1915 2759 insuper
1949 2682 2014 2740 in
2040 2682 2157 2741 fine
2190 2683 2410 2759 iambO,

374 2775 446 2830 ut
479 2771 604 2829 iam
640 2771 763 2829 sint
789 2770 904 2830 duo
941 2771 1224 2847 membra,
1262 2770 1537 2847 quamvis
1566 2790 1684 2831 uno
1713 2790 1890 2831 versu
1926 2771 2166 2846 scripta.
2227 2772 2409 2831 Prae-

377 2864 545 2919 terea
600 2879 671 2918 ex
726 2859 846 2918 alio
903 2879 1115 2937 genere
1170 2878 1551 2918 numerorum
1608 2859 1729 2918 tria
1786 2860 2053 2920 membra
2108 2860 2411 2937 dactylica

373 2948 648 3007 immixta
685 2951 848 3024 sunt3
886 2949 1171 3025 grandius
1208 2949 1397 3026 igitur
1423 2948 1655 3025 aliquid
1689 2950 1836 3009 haec
1873 2949 2121 3025 stropha
2149 2953 2340 3008 sonat.
2352 2942 2408 3032 4)

555 3154 606 3221 1)
647 3151 875 3207 Omittit
908 3152 1058 3206 hanc
1093 3152 1334 3206 formam
1368 3151 1646 3208 Aristides
1659 3196 1673 3222 ‚
1709 3170 1915 3209 nomen
1953 3157 2143 3209 autem
2179 3154 2300 3209 eius
2347 3154 2411 3208 in

377 3222 552 3277 aliam
579 3224 866 3291 transfert,
903 3242 951 3277 v.
1003 3222 1130 3277 adn.
1159 3229 1207 3277 2.
1392 3228 1446 3292 2)
1482 3224 1549 3279 V.
1596 3224 1770 3280 schol.
1817 3224 1980 3279 Pind.
2027 3245 2081 3296 p.
2123 3232 2244 3280 156.
2284 3232 2408 3281 377.

372 3301 481 3348 449
510 3295 571 3349 B.
614 3296 783 3364 (διπλ.
822 3313 999 3364 τροχ.;
1048 3293 1149 3347 sed
1186 3293 1509 3348 addendum
1545 3297 1643 3349 καὶ
1679 3297 1827 3351 διπλ.
1866 3296 2083 3369 ἴαμβος,
2119 3316 2168 3351 v,
2206 3316 2261 3367 p.
2305 3303 2411 3352 110

374 3364 445 3418 de
475 3365 558 3420 Ol.
598 3371 633 3418 4
662 3382 747 3435 ep.
778 3371 810 3419 8
849 3366 1081 3426 διπλοῦς
1116 3364 1318 3437 ἴαμβος
1354 3367 1450 3419 καὶ
1479 3367 1627 3420 διπλ.
1674 3386 1807 3437 τροχ
1813 3394 2372 3436 ..........
2371 3371 2392 3438 )
2397 3412 2408 3423 .

371 3436 523 3490 Male
570 3435 779 3490 dicitur
824 3435 975 3505 apud
1020 3433 1189 3490 Arist.
1237 3435 1451 3500 ἁπλοῦς
1495 3439 1749 3508 (διπλοῦς
1794 3453 1901 3493 sec.
1940 3438 2209 3494 Marcian.
2250 3438 2410 3522 Gap.)

374 3509 633 3578 βακχεῖος
670 3506 783 3561 ἀπὸ
819 3503 1085 3576 τροχαίου
1133 3509 1153 3577 (
1173 3535 1744 3578 υυυυυυυυυ
1762 3512 1807 3579 ).
1934 3511 1988 3579 3)
2024 3510 2411 3566 Wilamomtz

371 3577 523 3633 Gfitt.
565 3575 683 3631 Gel.
722 3577 858 3631 ΑΒΖ.
899 3582 1055 3647 1898,
1091 3595 1145 3646 p.
1188 3582 1307 3633 150.
1491 3582 1548 3649 4)
1585 3580 1742 3633 Idem
1779 3585 1882 3633 150
1922 3597 1965 3633 Β.

2599 3 2609 400 Ι

2605 410 2608 457 4
