2622 3960
337 206 466 260 XIV
1124 201 1555 258 PRAEFATIO.

335 375 523 433 fuisse
551 373 799 432 Pindari
828 372 1184 432 scholiastae
1212 368 1434 446 ferunt,
1462 370 1527 429 id
1556 370 1779 430 discere
1806 371 2097 446 videmur,
2134 372 2372 429 nullam

334 482 466 521 eam
511 462 692 521 fuisse
738 481 933 537 neque
979 460 1327 519 Pindaricos
1371 461 1533 519 locos
1581 459 1798 536 quibus
1844 460 2128 518 nituntur
2173 460 2263 519 illi
2293 461 2366 520 de

331 551 696 626 Bacchylide
744 569 869 609 esse
917 548 1368 627 intellegendo&
1460 549 1650 608 Docte
1699 552 1761 607 et
1806 548 2120 617 subtiliter¹
2158 549 2229 608 de
2275 549 2372 607 his

329 640 507 699 rebus
556 640 837 698 disseruit
884 642 1023 714 post
1067 638 1315 697 inventa
1359 638 1506 696 haec
1551 638 1834 713 carmina,
1882 637 1985 696 sed
2040 641 2367 715 antequam

331 730 573 806 cognita
627 728 900 803 haberet,
954 728 1132 788 homo
1178 727 1373 786 Italus
1418 726 1485 784 L.
1531 726 1605 785 A.
1652 726 2072 804 Michelangeli
2084 719 2153 807 1),
2210 727 2368 802 peri·

331 819 464 877 culo
520 817 800 876 videlicet
854 817 1041 893 facto,
1095 817 1302 874 utrum
1357 835 1483 876 uno
1538 835 1737 875 mense
1793 819 1931 891 post
1985 816 2372 874 retractanda

332 907 447 965 sibi
501 908 700 966 forent
747 925 899 981 quae
956 905 1290 981 scripsisset
1346 923 1423 963 an
1480 908 1640 963 stare
1696 907 1965 981 possent,
2022 905 2367 981 optimeque

332 996 423 1053 illi
480 1014 550 1053 ea
608 995 861 1054 audacia
917 995 1107 1054 cessit.
1199 994 1371 1053 Nihil
1416 994 1575 1053 enim
1622 996 1713 1052 est
1757 995 1821 1052 in
1865 994 1959 1052 his
2005 994 2369 1053 carminibus

330 1104 449 1160 quo
487 1084 783 1142 Pindarus
830 1085 995 1160 carpi
1039 1083 1233 1142 videri
1278 1083 1487 1159 possit,
1537 1102 1716 1158 quem
1761 1085 1830 1141 ut
1869 1083 2145 1159 equidem
2187 1086 2364 1159 puta-

330 1173 521 1231 verim
569 1172 721 1232 Ceus
757 1175 940 1249 poeta
968 1176 1029 1231 et
1067 1191 1440 1247 summopere
1469 1172 1803 1232 admiratus
1834 1175 1894 1230 et
1924 1172 2368 1248 quadamtenus

328 1262 604 1321 imitatus
669 1265 787 1338 est,
856 1280 979 1321 non
1042 1265 1247 1320 tamen
1311 1264 1384 1319 ut
1448 1262 1721 1320 aemulus
1787 1261 2083 1320 existeret.
2187 1260 2367 1320 Ceam

331 1351 649 1410 lusciniam
695 1370 756 1410 se
802 1351 930 1427 ipse
978 1352 1248 1426 appellat
1296 1354 1561 1412 extremo
1600 1352 1860 1410 carmine
1896 1350 2106 1422 terti03
2154 1346 2387 1425 itaque'

331 1441 574 1516 aquilae
630 1440 1000 1516 comparatio
1059 1459 1183 1515 qua
1241 1440 1523 1514 quintum
1580 1439 1817 1500 ornavit
1872 1458 1992 1498 non
2053 1458 2121 1498 eo
2168 1439 2370 1496 tendit

329 1533 401 1588 ut
449 1548 511 1588 se
560 1530 616 1588 ei
662 1530 763 1587 avi
809 1529 1140 1604 assimulet,
1186 1529 1250 1586 id
1297 1528 1461 1604 quod
1505 1530 1720 1587 merito
1757 1527 2018 1586 Pindaro
2055 1527 2368 1602 relinquit,

331 1618 435 1676 sed
480 1619 682 1694 ampla
727 1618 1006 1676 materies
1055 1617 1335 1675 carminis
1382 1637 1521 1677 cum
1556 1619 1844 1676 immenso
1884 1615 2037 1674 aeris
2074 1616 2271 1691 spatio
2300 1616 2364 1674 in

331 1727 452 1782 quo
490 1708 657 1766 volat
695 1707 903 1782 aquila
931 1708 1335 1781 comparatur.
1407 1706 1741 1782 Postquam
1778 1706 1935 1765 enim
1977 1701 2056 1781 (v.
2092 1707 2173 1763 14
2203 1697 2367 1786 sqq.)

333 1795 650 1855 consilium
697 1813 875 1853 suum
917 1794 1242 1854 Hieronem
1287 1795 1577 1854 laudandi
1614 1795 1960 1869 declaravit,
2006 1795 2097 1852 ita
2133 1794 2367 1872 pergit:

331 1882 578 1963 βαθὺν
636 1876 693 1942 δ’
745 1880 1006 1963 αἰθέρα
1053 1885 1332 1955 ξουθαῖσι
1376 1884 1617 1961 τάμνων
1664 1882 1832 1960 ὑψοῦ
1877 1884 2221 1963 πτερύγεσσι
2265 1905 2367 1942 τα-

328 1972 511 2053 χείαις
556 1970 746 2045 αἰετὸς
778 2022 789 2033 .
820 2019 832 2031 .
864 1977 1088 2053 θαρσεῖ
1122 1978 1373 2057 κρατερᾷ
1417 1972 1671 2046 πίσυνος
1718 1972 1881 2053 ἰσχύϊ
1914 1995 1960 2033 e.
2001 1994 2056 2049 q.
2096 1992 2158 2049 S.,
2208 1992 2366 2033 com·-

327 2081 662 2121 memorans
710 2062 936 2122 scilicet
974 2064 1158 2121 etiam
1195 2082 1498 2122 summum
1522 2063 1709 2124 robur
1741 2064 1942 2139 regiae
1972 2063 2100 2122 avis
2139 2065 2365 2121 cetera-

326 2171 583 2228 rumque
631 2152 837 2210 avium
881 2170 1238 2211 canorarum
1283 2155 1538 2229 metum,
1596 2153 1700 2211 sed
1753 2152 1843 2210 ita
1897 2155 1969 2210 ut
2014 2151 2365 2227 principalis

327 2260 420 2299 res
478 2260 708 2316 semper
752 2245 996 2299 maneat
1039 2241 1272 2300 itineris
1320 2241 1558 2300 infinita
1603 2240 1874 2315 licentia3
1932 2240 2143 2316 itaque
2192 2241 2361 2300 abso-

326 2330 461 2388 luta
535 2329 1014 2405 splendidissima
1087 2331 1533 2406 comparatione
1605 2330 1699 2387 his
1771 2328 1967 2388 verbis
2043 2330 2121 2389 ad
2186 2349 2365 2388 suum

328 2421 754 2496 argumentum
806 2419 999 2479 venit:
1058 2418 1212 2479 οὕτω
1259 2417 1360 2479 καὶ
1413 2417 1544 2495 ἐμοὶ
1602 2418 1784 2497 μυρία
1831 2419 2025 2501 παντᾷ
2073 2415 2364 2490 κέλευθος

325 2505 613 2587 ὑμετέραν
668 2504 882 2587 ἀρετὰν
939 2506 1181 2586 ὑμνεῖν,
1236 2528 1448 2583 nempe
1506 2509 1752 2583 propter
1810 2508 2036 2567 multas
2082 2508 2364 2567 Hieronis

328 2597 567 2672 laudeS,
627 2616 749 2655 non
811 2600 1056 2672 propter
1120 2616 1292 2656 suam
1356 2597 1726 2656 facultatem.
1836 2597 1974 2655 Non
2038 2597 2230 2673 igitur
2302 2615 2364 2656 se

333 2686 604 2762 aquilam
639 2685 798 2744 inter
823 2689 1034 2761 poetas
1073 2685 1235 2760 dicit,
1274 2685 1438 2761 quod
1476 2686 1620 2744 satis
1653 2689 1859 2761 aperte
1889 2686 2037 2744 facit
2064 2685 2365 2744 Pindarus

331 2774 736 2850 compluribus
784 2775 956 2850 locis3
1003 2774 1326 2833 ridiculum
1363 2774 1522 2832 enim
1566 2775 1663 2849 sit,
1710 2775 1760 2833 si
1790 2775 1926 2850 quis
1956 2773 2064 2833 sub
2093 2770 2363 2853 ὀρνίθων

327 2862 754 2943 λιγυφθόγγων
792 2863 1196 2938 appellatione
1235 2882 1374 2922 cum
1410 2864 1545 2922 aliis
1572 2864 1767 2939 poetis
1798 2863 2148 2922 Thebanum
2173 2863 2362 2921 latere

328 2956 521 3028 putet.
615 2951 732 3022 Qui
787 2953 838 3011 si
894 2971 1012 3027 quo
1068 2951 1247 3010 huius
1295 2952 1573 3011 carminis
1628 2954 1784 3013 loco
1815 2954 1972 3011 tecte
2026 2951 2362 3026 respicitur,

329 3041 572 3100 videtur
615 3040 833 3116 respici
882 3033 972 3121 (id
1019 3041 1179 3116 quod
1224 3041 1348 3100 iam
1382 3042 1713 3100 Britannus
1762 3040 1956 3099 editor
1993 3033 2362 3121 observavit)

329 3130 436 3188 ubi
516 3130 765 3189 Hesiodi
848 3130 1153 3205 quandam
1237 3130 1600 3189 sententiam
1669 3128 2060 3204 Bacchylides
2132 3128 2363 3205 laudat,

326 3217 591 3279 Βοιωτὸν
636 3215 830 3298 ἄνδρα
877 3238 1013 3277 eum
1060 3218 1257 3277 dicens
1297 3222 1359 3277 et
1392 3217 1694 3299 πρόπολον
1733 3221 1998 3278 Μουσᾶν
2040 3213 2192 3295 (191
2228 3214 2362 3294 sq.).

327 3309 547 3383 Itaque
597 3307 759 3382 quod
806 3307 883 3365 ad
929 3307 1259 3367 Pindarum
1305 3308 1541 3383 attinet,
1587 3310 1764 3383 plane
1800 3307 2042 3366 Horatii
2082 3307 2363 3366 admonet

512 3515 562 3582 1)
601 3512 767 3566 Della
802 3511 922 3566 vita
958 3511 1017 3565 di
1044 3513 1126 3581 B.‚
1155 3512 1405 3566 Messina
1434 3519 1598 3582 18973
1635 3511 1788 3565 idem
1818 3510 2056 3566 alteram
2086 3530 2364 3568 commen—

329 3583 610 3638 tationem
643 3583 943 3652 postmodo
982 3583 1187 3639 edidit:
1225 3583 1386 3654 Dopo
1423 3583 1467 3637 il
1498 3584 1559 3638 B.
1598 3582 1947 3654 pubblicato,
1984 3583 2102 3641 ibd.
2135 3591 2288 3641 1898.
