2622 3960
1007 225 1435 280 PRAEFATIO.
2063 223 2239 278 XLIII

380 392 422 451 S
435 393 584 453 exti
621 394 869 470 stropha
904 395 980 453 ab
1018 394 1273 453 iambico
1310 394 1564 454 dimetro
1611 393 1961 454 catalectico
2006 392 2238 468 incipit,

201 502 379 559 quem
426 481 699 558 sequitur
734 486 1160 542 anacreonteus
1199 480 1613 562 ἀνακλώμενος
1650 486 1712 542 et
1746 483 1874 559 ipse
1912 481 1987 541 ab
2023 482 2233 542 horum

199 590 585 631 numerorum
621 571 906 631 societate
941 572 1186 631 minime
1224 572 1480 631 alienus:
1511 575 1605 643 Ι(-)
1641 599 1678 625 υ
1712 600 1750 626 υ
1785 617 1818 625 -
1854 599 1891 624 υ
1926 616 1961 624 -
1995 597 2035 624 υ
2068 614 2103 624 ..
2141 571 2234 640 (-).

199 659 554 720 coniunctio
621 660 831 719 eadem
895 661 1056 737 apud
1110 659 1494 737 Sapphonem
1554 663 1668 720 est:
1734 658 1994 720 Γλύκεια
2057 666 2234 738 μᾶτερ

203 747 367 809 οὔτοι
398 740 407 831 Ι
444 747 708 826 δύναμαι
743 747 961 828 κρέκην
998 747 1102 810 τὸν
1138 748 1318 809 ἴστον.
1338 742 1385 827 1)
1462 749 1613 808 Τιιιιι
1643 740 2236 825 ὀκτωκαιδεκοὶσημος

198 864 953 908 υυυυυυυυυυυυ
989 854 1061 893 ..Δ
1080 883 1095 909 ,
1151 838 1288 897 dein
1344 838 1460 896 duo
1517 839 1648 898 cola
1706 857 1959 914 quorum
2017 839 2237 895 natura

199 944 595 1001 mensuraque
644 925 945 986 obscurior
991 929 1107 985 est:
1153 953 1597 982 υυυυυυ
1636 929 1644 997 Ι
1685 953 2234 981 ........

198 1015 456 1091 Reliqua
503 1014 710 1073 facilia
753 1014 1079 1074 intellectu.

375 1103 651 1179 Denique
679 1122 706 1162 s
719 1123 750 1162 e
762 1104 973 1180 ptimi
1001 1104 1041 1162 d
1053 1124 1084 1163 e
1096 1124 1127 1164 c
1138 1105 1260 1163 imi
1281 1105 1528 1182 stropha
1547 1124 1579 1163 e
1597 1104 1937 1180 quindecim
1953 1101 2232 1161 membris

200 1191 593 1268 componitur,
640 1212 712 1251 ex
758 1192 970 1293 quibus
1018 1196 1296 1253 octavum
1343 1197 1404 1253 et
1438 1193 1719 1252 ultimum
1754 1192 1847 1252 sui
1894 1192 2040 1250 iuris
2078 1195 2235 1267 sunt,

203 1281 434 1357 reliqua
505 1280 789 1339 bifariam
852 1281 977 1341 sive
1041 1282 1343 1342 trifariam
1405 1282 1764 1342 coniuncta
1792 1279 2067 1357 periodos
2133 1298 2235 1338 sex

172 1370 483 1429 -efficiunt.
570 1368 723 1429 Sunt
768 1364 1181 1449 ὃωδεκασημοι
1224 1372 1452 1430 formae
1489 1416 1524 1423 -
1562 1387 1597 1423 ῦ
1633 1415 1668 1424 -
1703 1397 2061 1437 υυυυυυ
2110 1368 2235 1427 sive

197 1450 783 1537 ὀκτωκαιδεκάσημοι
820 1459 1053 1519 adiecta
1090 1459 1334 1536 dipodia
1370 1458 1628 1518 iambica
1663 1458 1761 1517 vel
1798 1457 2036 1533 integra
2048 1447 2097 1533 2)
2135 1457 2233 1516 vel

195 1548 571 1622 catalectica,
617 1551 798 1623 atque
844 1568 964 1608 non
1008 1549 1204 1608 minus
1249 1553 1345 1608 ter
1392 1543 1815 1625 ὃωὸεκάσημος
1862 1565 1997 1605 cum
2053 1540 2234 1605 ὀκτω-

195 1635 612 1720 καιδεκασήμῳ
674 1637 738 1695 ιιι
796 1656 979 1696 unam
1040 1638 1352 1714 periodum
1414 1637 1551 1712 coit,
1613 1635 1860 1712 perinde
1925 1637 2106 1709 atque
2171 1634 2235 1692 in

196 1724 510 1802 Sophoclis
567 1725 826 1784 carmine
888 1726 1242 1786 clarissimo:
1307 1724 1567 1786 εὐίππου
1632 1722 1760 1798 ξένε
1814 1722 1989 1784 τᾶσδε
2044 1721 2234 1803 χώρας

198 1814 332 1874 ἵκου
393 1812 466 1873 τὰ
514 1807 794 1892 κράτιστα
836 1823 946 1893 γᾶς
991 1812 1238 1893 ἔπαυλα,
1274 1833 1597 1891 rursusque
1634 1813 1883 1872 ibidem:
1929 1810 2235 1891 χειμώνων

194 1898 276 1963 ἵν’
330 1900 361 1963 ὁ
409 1902 737 1983 βακχιώτας
797 1900 887 1962 ἀεὶ
933 1901 1230 1976 Διόνυσος
1276 1901 1598 1985 ἐμβατεύει.
1684 1903 1757 1961 In
1812 1920 1933 1978 qua
1992 1902 2233 1961 coniun-

193 1994 393 2053 ctione
460 1993 525 2051 id
578 1992 754 2052 valde
818 1993 1084 2053 notabile
1149 1997 1267 2069 est,
1333 1994 1494 2070 quod
1548 1995 1610 2053 et
1664 1992 1826 2070 apud
1881 1990 2236 2068 Sophoclem

196 2101 432 2158 semper
487 2081 551 2139 in
608 2081 855 2157 stropha
910 2083 1404 2159 antistrophaque
1454 2086 1515 2141 et
1560 2100 1750 2159 paene
1796 2099 2029 2156 semper
2074 2081 2236 2158 apud

194 2170 622 2246 Bacchylidem
676 2188 921 2229 caesura
977 2174 1069 2231 est
1120 2175 1259 2247 post
1311 2172 1570 2248 primam
1625 2169 1922 2246 syllabam
1986 2169 2233 2229 alterius

195 2259 465 2335 membri,
521 2258 676 2317 unde
731 2260 795 2317 in
849 2259 1003 2318 libro
1055 2262 1260 2319 nostro
1316 2279 1509 2335 neque
1562 2259 1759 2318 minus
1812 2259 1876 2317 in
1924 2256 2232 2333 Sophoclis

194 2348 601 2407 Laurentiano
630 2366 702 2406 ea
730 2348 964 2423 syllaba
991 2348 1176 2425 priori
1203 2347 1469 2407 membro
1489 2348 1791 2424 adscripta
1810 2350 1916 2406 est.
1927 2339 1979 2422 ³)
2028 2347 2235 2406 Etiam

195 2436 298 2495 ubi
355 2430 771 2515 ὃωὸεκᾶσημοι
824 2436 951 2495 bini
1007 2437 1448 2512 consociantur,
1504 2436 1662 2496 idem
1717 2437 2066 2513 plerumque
2122 2454 2235 2495 usu

193 2525 388 2584 venit·
435 2522 736 2603 ποιμένων
783 2522 980 2585 ἀέκατι
1026 2524 1228 2604 μήλων
1266 2519 1499 2586 σεύοντ’
1550 2521 1760 2606 ἀγέλας
1796 2524 1920 2607 βία,
1965 2527 2035 2583 ut
2074 2525 2235 2600 apud

195 2613 579 2691 Sophoclem.
626 2613 966 2692 θαμίζουσα
1003 2607 1237 2691 μάλιστ’
1280 2611 1487 2691 ἀηδὼν
1522 2618 1771 2695 χλωραῖς
1808 2610 1926 2673 ’ὑπὸ
1964 2607 2232 2691 βάσσαις.

194 2703 307 2762 Est
343 2706 549 2762 autem
585 2703 747 2779 apud
782 2703 1207 2780 Bacchylidem
1243 2704 1528 2763 notabilis
1568 2700 1995 2779 ὃωὸεκασήμου
2039 2703 2235 2762 forma

196 2818 698 2861 -------
741 2792 835 2851 bis
880 2792 1157 2868 periodos
1203 2792 1504 2868 claudens,
1563 2811 1747 2869 quam
1789 2810 1865 2849 ne
1910 2809 2019 2867 pro
2066 2790 2233 2866 puris

196 2879 412 2939 iambis
470 2875 620 2957 (-J‚
656 2908 694 2934 υ
728 2927 761 2935 -
779 2926 794 2951 ,
829 2909 867 2935 υ
901 2926 937 2935 -
957 2925 970 2950 ,
1007 2908 1046 2935 υ
1082 2878 1163 2959 -)
1217 2882 1590 2941 trochaeisve
1643 2880 1967 2940 habeamus
2033 2879 2235 2939 obstat

195 2968 444 3028 alterius
510 2969 778 3044 syllabae
842 2970 1180 3047 productiO.
1244 2993 1351 3031 -ov
1412 2969 1786 3049 σεισίχθονος
1851 2965 2016 3040 τέκος
2073 2963 2231 3046 (22).

378 3177 432 3244 1)
468 3174 627 3228 Idem
665 3179 783 3228 151.
931 3178 984 3244 2)
1021 3174 1110 3228 Ita
1147 3174 1391 3229 efficitur
1427 3173 1564 3265 {sbd-
1615 3176 1738 3243 152)
1784 3188 1976 3227 versus
2021 3172 2233 3227 Alcaeo

199 3243 470 3300 usitatus.
599 3242 820 3315 ρμαίρει
858 3244 921 3299 δὲ
960 3243 1133 3315 μέγας
1169 3244 1340 3315 δόμος
1378 3250 1580 3326 χαλκω
1622 3253 1800 3298 παῖσα
1830 3242 1883 3298 δ’
1907 3242 2036 3316 App
2075 3242 2234 3299 κεκό-

199 3332 406 3385 σμηται
442 3334 506 3370 στ
535 3337 623 3385 γα.
771 3319 826 3385 3)
862 3315 1006 3369 Eam
1041 3332 1159 3370 rem
1196 3316 1456 3371 sollerter
1492 3287 1667 3369 etiam
1700 3331 1803 3385 per
1835 3314 1968 3368 alia
1958 3331 2235 3369 ·-numero

198 3403 325 3440 rum
369 3402 581 3458 genera
623 3390 951 3468 persecutus
990 3390 1077 3441 eet
1111 3387 1179 3442 H.
1219 3386 1371 3441 Weil
1409 3390 1478 3454 (v.
1516 3385 1667 3440 infra
1710 3405 1765 3456 p.
1815 3386 2038 3467 LXIII),
2083 3403 2235 3441 nunc

199 3473 379 3537 paene
418 3457 828 3540 octogenarius
865 3474 1107 3525 quocum
1141 3457 1262 3513 viro
1297 3457 1651 3537 rhythmicae
1686 3456 2067 3527 metricaeque
2097 3457 2236 3511 artis

199 3529 778 3655 Ἐλᾞωᾟῗῖὲῗ
796 3528 1018 3654 ἒῗὲἰὲ
1021 3528 1511 3655 ῗὲθῗῗοῧῧὲέἒι
1498 3526 1802 3654 1233‘3'3
1809 3528 2107 3668 gamag?
2108 3544 2235 3668 ἓξὲῗ
