2622 3960
288 164 294 167 '
318 152 443 207 LVI
1122 147 1556 203 PRAEFATIO.

294 320 521 379 -dicare
569 322 870 379 certamen
914 318 1074 377 inter
1118 313 1425 398 ἀγενείους
1471 317 1680 392 fuisse,
1735 335 1857 375 non
1901 316 2062 375 inter
2114 335 2364 393 pueros;

321 404 564 492 ἀγενείῳ
620 408 809 485 igitur
862 406 1323 466 inscribendum.
1414 406 1588 465 Hanc
1642 406 1801 465 enim
1857 408 2120 464 aetatem
2176 405 2363 465 inter-

320 497 582 556 mediam
645 498 707 555 et
767 496 1122 556 Marathone
1184 495 1494 555 Heracleis
1552 495 1767 554 scimus
1824 514 1861 552 a
1915 513 2240 569 puerorum
2299 498 2364 553 et

324 586 668 645 adultorum
713 587 1055 662 separatam
1100 584 1283 643 fuisse
1335 576 1602 665 (Olymp.
1649 584 1751 659 IX,
1783 575 1914 664 89),
1951 602 2143 659 neque
2182 584 2365 642 aliter

321 675 585 734 Nemeae
639 674 765 732 iam
817 676 962 732 tunc
1015 673 1301 748 temporis
1348 672 1697 731 institutum
1741 671 1924 730 fuisse
1970 672 2363 748 inscriptione

324 762 445 823 Oea
491 763 658 822 cuius
705 762 1064 839 particulam
1109 762 1380 838 aliquam
1426 760 1503 820 ad
1540 781 1587 820 c.
1625 761 1656 818 Ι
1694 761 1875 820 attuli
1909 760 2032 819 iam
2067 763 2365 820 testatum

321 852 624 910 habemus.
642 843 693 932 1)
784 851 857 909 In
902 850 1284 927 Bacchylidis
1332 850 1593 909 carmine
1637 869 1798 908 nunc
1841 849 1993 907 nihil
2040 849 2112 907 de
2159 851 2367 908 aetate

322 941 567 1001 victoris
611 940 935 1015 indicatur,
983 940 1087 999 sed
1132 958 1267 998 cum
1314 938 1690 998 collaudetur
1733 939 2037 1015 magister,
2083 940 2154 996 ut
2200 939 2366 1014 apud

322 1029 652 1088 Pindarum
699 1048 965 1105 quoque,
1011 1028 1076 1087 id
1123 1028 1342 1087 aetatis
1389 1028 1653 1086 nondum
1699 1027 1941 1086 adultae
1998 1030 2227 1086 certum
2272 1027 2364 1085 in·

325 1119 550 1177 dicium
594 1121 710 1194 est3
757 1133 1086 1194 'puerorum
1131 1117 1290 1176 enim
1338 1117 1463 1176 sive
1509 1113 1790 1197 ἀγενείων
1844 1117 2211 1175 luctatorum
2267 1116 2367 1175 vel

324 1206 871 1283 pancratiastarum
905 1207 1004 1266 vel
1037 1206 1316 1284 pugilum
1353 1205 1547 1283 gloria
1584 1225 1656 1264 ex
1690 1208 1864 1281 parte
1902 1204 2177 1282 magistri
2216 1207 2368 1281 erat,

327 1296 402 1355 et'
435 1299 776 1355 constanter
819 1295 1147 1354 Pindarum
1193 1296 1257 1353 in
1304 1295 1389 1354 eis
1438 1295 1800 1353 carminibus
1846 1294 2136 1372 magistro
2194 1313 2369 1353 suam

324 1385 565 1445 laudem
610 1384 893 1444 tribuisse
939 1385 1225 1445 videmus.
1244 1376 1295 1465 2)

505 1475 597 1534 Ex
642 1474 836 1550 primo
883 1477 1207 1554 systemate
1254 1472 1537 1532 carminis
1582 1491 1809 1549 paucae
1866 1472 2105 1531 litterae
2162 1490 2368 1547 super-

328 1565 493 1638 sunt,
551 1582 704 1638 quae
764 1565 968 1621 tamen
1013 1563 1222 1638 utique
1270 1562 1348 1621 ad
1390 1562 1504 1621 hoc
1551 1581 1790 1620 carmen
1834 1580 2027 1636 neque
2075 1559 2152 1618 ad
2200 1562 2371 1619 ante-

327 1652 540 1711 cedens
561 1651 806 1726 aliquod
824 1651 1168 1709 referendae
1188 1654 1354 1727 su-nt3
1373 1651 1508 1726 ipsa
1527 1651 1686 1709 enim
1712 1651 1907 1709 forma
1934 1648 2371 1727 longitudoque

327 1759 631 1815 versuum,
688 1758 942 1815 quorum
985 1739 1273 1799 habemus
1328 1739 1611 1818 vestigia,
1666 1738 1903 1816 egregie
1960 1738 2239 1797 convenit
2285 1738 2372 1797 eis

328 1828 598 1888 versibus
642 1828 821 1886 huius
868 1828 1164 1903 carminis,
1213 1827 1318 1904 qui
1361 1829 1427 1886 in
1473 1848 1607 1887 eam
1650 1830 1887 1904 partem
1922 1828 2181 1904 paginae
2219 1827 2368 1886 inci-

331 1913 569 1976 debant.
669 1917 886 1993 Itaque
943 1920 1170 1993 septem
1226 1919 1558 1994 systemata
1612 1917 1881 1993 fuerunt,
1946 1935 2152 1976 versus
2221 1918 2372 1992 231,

326 2008 564 2082 fuitque
628 2007 740 2065 hoc
803 2025 1042 2065 carmen
1096 2007 1256 2065 inter
1313 2007 1514 2065 omnia
1576 2007 2017 2084 longissimum,
2081 2005 2199 2064 nisi
2263 2026 2376 2082 per

329 2096 731 2154 membrorum
785 2095 969 2153 aliam
1023 2095 1402 2172 divisionem,
1461 2096 1659 2171 quinis
1715 2096 1928 2171 cuique
1982 2096 2374 2154 monometris

331 2184 645 2261 systemati
666 2184 951 2243 detractis
971 2187 1033 2243 et
1061 2203 1196 2243 cum
1225 2184 1494 2244 dimetris
1514 2185 1619 2260 qui
1640 2184 2000 2243 antecedunt
2019 2184 2373 2259 coniunctis,

329 2274 491 2332 infra
536 2273 734 2350 quinti
779 2273 1059 2332 carminis
1106 2273 1401 2332 ambitum
1442 2275 1556 2332 hoc
1599 2273 1860 2332 recidere
1906 2272 2100 2330 malis
2186 2270 2372 2332 Orsus

331 2366 511 2439 poeta
559 2382 595 2421 a
640 2362 909 2438 victoria,
955 2365 1026 2420 ut
1073 2363 1314 2438 quidem
1358 2362 1721 2438 putaverim,
1775 2380 1915 2420 mox
1960 2361 2038 2420 ad
2081 2361 2371 2420 Nemeae·

332 2470 502 2511 orum
538 2451 816 2510 ludorum
854 2451 1247 2527 antiquitates
1267 2451 1543 2525 deflexit,
1582 2451 2026 2526 nymphamque
2063 2450 2372 2525 Nemeam,

333 2543 404 2599 ut
449 2540 693 2615 coniciO,
733 2528 986 2599 ‘induxit
1029 2540 1306 2599 Herculis
1354 2559 1488 2599 cum
1533 2541 1703 2598 leone
1749 2540 2048 2598 Nemeaeo
2105 2536 2374 2619 παγκρά-

334 2651 465 2689 τιον
503 2631 876 2705 spectantem
904 2631 966 2688 et
995 2629 1066 2688 de
1094 2629 1252 2687 ludis
1282 2630 1490 2687 eodem
1517 2629 1647 2687 loco
1678 2627 1896 2687 futuris
1923 2627 2375 2687 vaticinantem.

333 2719 536 2777 Tertio
603 2720 928 2795 systemate
992 2738 1101 2793 per
1163 2718 1433 2794 Pytheae
1504 2718 1789 2777 iteratam
1861 2717 2227 2775 mentionem
2296 2717 2375 2776 ad

331 2807 629 2884 Aeginam
682 2806 875 2882 venit,
940 2827 1060 2866 non
1123 2807 1302 2866 modo
1356 2806 1618 2865 insulam
1679 2806 2004 2881 urbemque
2070 2806 2174 2864 sed
2237 2825 2377 2865 mox

334 2896 519 2955 etiam
564 2896 910 2971 nympham,
959 2915 1140 2972 quam
1187 2914 1322 2953 cum
1369 2895 1684 2954 comitibus
1721 2915 1830 2971 per
1866 2894 2004 2954 avia
2049 2898 2374 2971 vagantem

332 2985 756 3060 ludentemque
804 2985 1100 3043 describit.
1193 2982 1457 3043 Cantant
1502 2987 1705 3043 autem
1749 2984 1995 3043 comites
2033 2984 2217 3042 etiam
2253 2985 2372 3042 En-

335 3072 569 3132 deidem
630 3073 798 3133 Pelei
862 3072 1321 3147 Telamonisque
1390 3076 1668 3149 matrem,
1741 3074 1901 3131 unde
1973 3072 2375 3132 Aeacidarum

332 3162 634 3221 mentione
676 3161 899 3221 iniecta
943 3180 1064 3220 non
1102 3161 1268 3219 deest
1303 3160 1697 3238 Bacchylides
1744 3162 1939 3221 officio
1979 3161 2138 3236 quod
2174 3161 2373 3238 legiti-

520 3385 571 3452 1)
610 3382 691 3437 cf.
722 3382 883 3436 Pind.
918 3381 1000 3435 Ol.
1031 3382 1177 3450 VIII,
1209 3389 1278 3437 54
1307 3402 1426 3452 sqq.
1460 3388 1520 3439 et
1547 3383 1852 3439 Christium
1881 3383 2041 3438 Pind.
2071 3403 2125 3454 p.
2156 3383 2376 3453 LXXV,

335 3452 445 3507 etsi
481 3452 546 3521 is,
593 3456 659 3507 ut
694 3453 810 3506 iam
850 3454 1110 3522 apparet,
1149 3452 1318 3508 nimis
1356 3458 1522 3510 caute
1560 3454 1848 3510 iudicavit.
2033 3458 2085 3525 2)
2123 3455 2376 3525 Bacchy-

334 3524 479 3578 lides
515 3523 576 3577 in
616 3541 660 3578 c.
699 3524 751 3576 X
789 3524 909 3593 (XI)
944 3522 1006 3576 id
1042 3523 1229 3579 facere
1267 3525 1474 3581 omisit.
2359 3539 2364 3556 ¹
