2622 3960
324 188 372 241 L
555 143 559 153 ⁸
1136 184 1567 240 PRAEFATIO.

334 355 450 415 etsi
504 374 626 414 non
683 357 911 413 certum
963 356 1168 412 tamen
1225 353 1374 413 satis
1427 354 1556 413 veri
1603 353 1796 412 simile
1844 356 1952 412 est.
2046 353 2204 412 Sunt
2251 374 2388 414 car·

331 444 512 504 minis
571 446 801 520 septem
859 445 1214 518 systemata,
1273 443 1378 501 sed
1428 442 1663 517 brevia,
1720 445 1928 518 estque
1989 445 2118 502 toto
2164 443 2388 502 habitu

332 531 623 592 tenuioris
678 532 873 608 magis
929 532 1164 608 generis
1221 550 1407 606 quam
1471 531 1747 608 grandis,
1814 531 1986 590 dulce
2051 535 2260 592 autem
2327 533 2383 592 si

333 622 494 698 quod
538 621 722 697 aliud,
767 623 838 679 ut
881 639 1002 679 non
1038 620 1241 695 inepte
1279 623 1461 695 poeta
1497 620 1644 696 ipsis
1683 620 1964 681 extremis
2002 620 2199 680 verbis
2238 641 2386 681 cum

332 710 588 770 luscinia
633 729 694 769 se
734 712 1057 784 comparet.
1138 709 1406 768 Medium
1441 709 1642 768 locum
1671 708 1905 767 obtinet
1930 709 2142 768 fabula
2169 708 2380 769 Croesi

333 801 409 859 ab
480 798 761 875 Apolline
817 818 847 857 e
903 816 1050 875 rogo
1127 798 1366 856 incenso
1434 798 1625 873 erepti
1689 801 1751 857 et
1814 797 1892 856 ad
1953 798 2386 874 Hyperboreos

331 888 631 948 translati.
723 888 805 945 Et
852 890 991 946 ante
1030 889 1092 945 et
1125 889 1265 961 post
1301 905 1436 945 eam
1472 886 1742 945 fabulam
1777 887 2186 946 munificentia
2213 889 2385 965 regis

334 996 479 1055 erga
527 977 683 1052 deOS,
730 976 988 1035 maxime
1025 975 1389 1051 Apollinem,
1426 975 1707 1034 laudibus
1746 976 2015 1051 effertur3
2059 980 2387 1052 praeterea

331 1065 703 1143 prooemium
766 1068 837 1124 ut
900 1063 1291 1124 conveniebat
1357 1083 1393 1122 a
1455 1064 1710 1124 victoria
1779 1065 1971 1123 curuli
2043 1067 2382 1141 sumptum3

333 1158 475 1232 post
519 1154 679 1233 regis
726 1156 929 1213 autem
972 1152 1181 1211 laudes
1228 1152 1453 1211 alteras
1499 1153 1777 1231 gnomica
1821 1172 1963 1229 pars
2001 1154 2149 1213 satis
2185 1155 2382 1232 longa

333 1244 404 1303 de
467 1244 630 1304 vitae
692 1244 989 1303 humanae
1056 1241 1401 1301 condicione
1465 1241 1737 1303 instabili
1793 1242 2383 1319 immortalitateque

332 1353 486 1410 quae
530 1332 746 1392 virtuti
789 1351 899 1407 per
932 1331 1137 1390 Musas
1173 1330 1465 1389 tribuitur
1510 1330 1762 1407 adiecta,
1808 1331 1965 1390 unde
2002 1331 2171 1391 brevi
2210 1332 2376 1391 clau·

334 1423 466 1481 sula
513 1440 753 1481 carmen
796 1420 1171 1479 terminatur.

510 1510 614 1568 IV.
679 1508 996 1585 Inscriptio
1062 1512 1154 1568 est
1223 1512 1304 1591 τῷ
1378 1505 1538 1590 αὐτῷ
1612 1508 1855 1582 Πύθια;
1940 1528 2152 1584 nempe
2225 1509 2382 1569 haec

333 1618 576 1676 quoque
621 1597 875 1658 victoria
922 1598 1147 1657 curulis
1194 1599 1313 1672 est,
1357 1596 1608 1656 Pindari
1650 1600 1964 1672 praeterea
2019 1597 2380 1674 splendidis-

331 1689 481 1748 simo
529 1687 788 1747 carmine
836 1681 1041 1762 (Pyth.
1087 1682 1144 1763 I)
1193 1685 1509 1745 celebrata.
1601 1686 1748 1744 Fuit
1782 1685 2055 1762 PythiaS,
2092 1688 2376 1746 testanti-

329 1776 442 1836 bus
490 1775 728 1835 scholiis
773 1773 1134 1848 PindariciS,
1179 1774 1402 1850 XXIX,
1458 1794 1616 1850 quae
1663 1775 1993 1834 secundum
2048 1775 2380 1835 eorundem

332 1865 694 1924 scholiorum
757 1863 1019 1923 rationes
1079 1863 1298 1924 incidit
1361 1862 1426 1921 in
1491 1864 1567 1922 ol.
1637 1866 1738 1939 77,
1771 1867 1807 1923 3
1878 1860 2089 1941 (470);
2164 1884 2375 1925 veram

333 1957 537 2014 autem
576 1971 701 2012 esse
740 1971 874 2011 eam
907 1951 1205 2012 rationem
1239 1971 1435 2028 neque
1474 1971 1610 2012 cum
1638 1953 1939 2013 Boeckhio
1969 1973 2041 2013 ex
2065 1952 2383 2015 Pausania

332 2042 761 2119 corrigendam,
808 2045 946 2118 post
972 2042 1236 2119 Bergkii,
1281 2042 1575 2118 Leopoldi
1604 2042 1890 2118 Schmidt,
1919 2043 2382 2103 Wilamowitzii

331 2132 709 2208 aliorumque
766 2150 939 2190 curas
994 2130 1117 2189 iam
1171 2131 1294 2189 fere
1352 2132 1730 2206 exploratum
1792 2132 2012 2190 habere
2076 2132 2376 2192 videmur.

331 2220 586 2280 Carmen
631 2223 836 2279 autem
882 2220 1115 2279 duabus
1162 2220 1423 2295 strophis
1471 2223 1749 2279 constans
1796 2221 2006 2279 statim
2042 2224 2181 2297 post
2218 2242 2376 2281 nun-

329 2310 487 2369 tium
531 2309 819 2369 victoriae
856 2328 894 2369 a
927 2312 1109 2385 poeta
1156 2308 1470 2385 Syracusis
1508 2312 1640 2368 tum
1687 2328 1929 2386 quoque
1968 2314 2380 2370 commorante

328 2399 558 2458 factum
613 2400 816 2475 putee,
865 2417 1054 2474 eoque
1108 2398 1334 2457 referas
1389 2416 1569 2458 usum
1612 2417 1903 2473 personae
1958 2398 2188 2474 primae
2234 2400 2376 2476 plu-

327 2488 473 2547 ralis
511 2484 886 2568 ἕγεραίρομεν
912 2508 968 2547 v.
1004 2489 1084 2546 13
1102 2479 1173 2568 1).
1249 2486 1515 2563 Simplex
1551 2490 1643 2546 est
1679 2506 1918 2547 carmen
1951 2507 2148 2563 neque
2185 2488 2386 2548 habet

329 2597 447 2654 quo
495 2596 557 2636 se
600 2575 920 2653 insigniter
965 2576 1354 2636 commendet.
1465 2625 1466 2630 ,

505 2666 579 2724 V.
626 2665 816 2725 Nulla
862 2668 955 2724 est
997 2665 1063 2723 in
1105 2665 1261 2724 libro
1306 2663 1644 2741 inscriptio,
1699 2668 1905 2724 tamen
1949 2669 2192 2741 praeter
2245 2667 2376 2725 vic

325 2758 523 2815 torem
568 2757 767 2814 cetera
812 2758 954 2813 sunt
999 2753 1340 2827 dissimilia,
1395 2752 1839 2812 inscribendum
1893 2756 2025 2813 erat
2078 2758 2159 2839 τῷ
2207 2753 2374 2838 αὐτῷ

325 2841 521 2921 κέλητι
561 2836 862 2922 Ὀλύμπια.
954 2843 1119 2902 Vicit
1171 2843 1357 2902 Hiero
1407 2840 1736 2919 Olympicis
1790 2842 1950 2901 ludis
2002 2842 2095 2901 bis
2150 2840 2378 2922 κέλητι,

328 2934 512 2992 semel
577 2935 758 3008 atque
820 2935 1121 3008 postremo
1188 2930 1429 3010 ἅρματις
1495 2931 1864 3037 olympiades
1927 2931 2278 2991 indicantur
2333 2951 2378 2991 a

328 3022 652 3081 scholiasta
695 3020 947 3080 Pindari
984 3016 1104 3098 (Ol.
1151 3012 1210 3101 Ι)
1258 3014 1357 3099 oy'
1359 3063 1377 3097 ,
1425 3016 1515 3090 οζ’
1517 3063 1536 3098 ,
1583 3014 1684 3097 οη’
1686 3064 1704 3098 ,
1750 3020 1856 3079 sed
1890 3020 2119 3096 primus
2156 3041 2370 3082 nume·

510 3280 560 3347 1)
601 3277 661 3331 Si
695 3280 848 3332 recte
885 3276 1158 3359 supplevi,
1188 3276 1472 3348 significat
1498 3280 1672 3347 poeta
1700 3277 1995 3347 Olympiae
2026 3294 2085 3332 se
2116 3277 2373 3333 adfuisse

329 3367 458 3404 cum
501 3349 770 3404 victoriae
817 3348 1113 3421 Olympiae
1159 3351 1605 3418 reportarentur,
1653 3348 1800 3403 sicut
1843 3365 1993 3402 nunc
2037 3349 2203 3403 adest
2239 3347 2374 3404 cum

329 3420 501 3490 „licet
527 3423 642 3474 tres
663 3370 929 3489 Pythicas
951 3420 1204 3489 duasque
1225 3419 1549 3490 Olympicas
1568 3420 1832 3474 victorias
1852 3419 2020 3473 simul
2041 3418 2376 3475 celebrare‘⁰

328 3465 421 3561 (14
459 3494 620 3561 sqq„)
656 3508 857 3562 nempe
894 3491 1209 3560 Syracusis;
1246 3491 1482 3561 Delphis
1520 3492 1671 3546 enim
1705 3490 2071 3561 Pythicarum
2118 3491 2372 3547 solarum

327 3561 607 3616 rationem
642 3562 853 3617 habere
892 3580 1136 3632 aequum
1173 3565 1310 3619 erat.
