2622 3960
1065 172 1500 227 PRAEFATIO.
2210 172 2310 228 LV

255 340 656 401 Menandrum
702 341 1051 400 collaudans
1087 340 1480 416 Bacchylides
1520 342 1608 400 ait
1644 342 1949 402 Minervae
1977 342 2305 401 Athenien—

257 431 417 489 sium
471 432 767 505 patronae
819 429 1110 488 beneficio
1167 433 1228 488 et
1275 428 1593 506 Olympiae
1650 433 1712 489 et
1766 431 1913 489 alibi
1959 432 2306 508 saepissime

258 520 424 578 illius
482 519 758 578 alumnos
816 519 1048 578 coronis
1105 525 1346 578 ornatos
1405 538 1532 578 esse
1581 515 1660 597 (v.
1714 521 1838 580 193
1892 517 2077 597 [160]
2130 517 2306 599 sqq.).

257 607 507 666 Licebat
553 607 744 684 igitur
778 610 925 666 tunc
970 608 1259 683 temporis
1295 608 1692 667 Athenienses
1728 608 2000 686 Aeginae
2036 610 2305 685 laudare,

256 698 561 772 morisque
618 699 749 754 erat
802 696 1115 773 Aeginetis
1171 696 1328 756 filios
1385 697 1655 757 Athenas
1712 698 2092 757 instruendos
2142 718 2302 757 exer·

258 786 594 861 cendosque
632 785 890 843 mittere.
973 786 1134 862 Ergo
1182 805 1303 844 non
1342 786 1749 845 intercedebat
1774 786 2093 846 inimicitia
2121 787 2303 865 Aegi-

257 875 413 934 netis
497 893 637 933 cum
711 873 1205 949 Atheniensibus3
1287 876 1482 934 multo
1565 876 1764 935 minus
1837 875 2066 935 bellum
2146 877 2304 935 inter

256 967 578 1039 utramque
638 962 945 1022 civitatem
999 963 1334 1040 gerebatur.
1437 963 1554 1022 Sed
1618 965 1837 1023 scimus
1895 967 2036 1024 ante
2090 965 2300 1024 Xerxis

255 1053 699 1129 expeditionem
743 1051 969 1110 bellum
1015 1071 1148 1111 acre
1194 1052 1355 1111 inter
1401 1072 1502 1112 eas
1547 1053 1762 1128 fuisse,
1816 1073 2009 1130 neque
2066 1073 2300 1130 compo·

254 1142 440 1200 situm
478 1160 607 1200 esse
644 1140 761 1199 nisi
801 1159 938 1199 cum
975 1141 1099 1199 iam
1127 1160 1439 1200 commune
1468 1142 1806 1216 periculum
1831 1160 2017 1218 prope
2048 1144 2302 1202 instaret

254 1225 502 1305 (Herod.
550 1229 685 1304 VII,
719 1226 890 1308 145).
983 1230 1198 1306 Itaque
1245 1231 1310 1289 in
1354 1233 1629 1306 tempora
1674 1250 1828 1307 quae
1889 1235 2027 1307 post
2072 1231 2301 1290 bellum

253 1319 565 1378 Persicum
610 1318 775 1377 fuere
834 1318 1131 1377 reicimur.
1232 1319 1447 1395 Neque
1492 1338 1633 1378 vero
1689 1320 1963 1395 putanda
2018 1324 2110 1378 est
2163 1312 2302 1396 p'ost

253 1407 317 1465 id
380 1408 609 1466 bellum
672 1407 864 1482 poetis
930 1408 1060 1466 ulla
1114 1407 1298 1466 fuisse
1354 1407 1676 1466 necessitas
1735 1408 1832 1467 vel
1887 1408 2142 1467 Athenis
2202 1410 2301 1470 vel

252 1496 527 1575 Aeginae
601 1496 844 1572 proeliis
927 1497 1051 1555 illis
1132 1497 1477 1573 ingentibus
1560 1494 2116 1576 ἕγγλωττοτυπῆσαι.
2226 1497 2301 1556 Id

254 1588 504 1662 nepotes
565 1585 761 1644 facere
817 1585 981 1644 soliti
1038 1588 1206 1660 sunt,
1270 1604 1392 1645 non
1447 1585 1539 1643 illi
1592 1586 1712 1662 ipsi
1768 1584 1981 1645 Graeci
2036 1586 2141 1663 qui
2196 1606 2297 1646 eas

253 1694 346 1733 res
394 1674 685 1733 maximas
733 1677 1067 1751 gesserant3
1114 1674 1323 1750 itaque
1369 1673 1666 1734 Pindarus
1704 1675 1768 1732 in
1803 1677 1899 1734 tot
1935 1676 2297 1735 carminibus

253 1763 625 1841 Aegineticis
672 1782 792 1822 non
838 1763 975 1839 plus
1023 1763 1205 1822 semel
1254 1763 1576 1822 Salaminis
1623 1763 1921 1839 meminit,
1982 1768 2164 1840 atque
2210 1765 2300 1824 ita

253 1854 323 1910 ut
364 1853 578 1911 statim
619 1852 919 1929 gloriandi
967 1855 1248 1912 conatum
1291 1853 1585 1929 reprimat
1623 1846 1775 1929 (ἀλλ’
1813 1851 1974 1931 ὅμως
2020 1853 2298 1933 καύχημα

253 1936 576 2022 κατάβρεχε
603 1944 754 2025 σιγᾷ.
821 1940 975 2013 Ζεὺς
995 1935 1066 2001 τά
1085 1962 1144 2001 τε
1163 1939 1264 2002 καὶ
1282 1939 1355 2001 τὰ
1373 1939 1536 2020 νέμει
1563 1941 1771 2001 Isthm.
1793 1941 1849 1999 V
1874 1939 2033 2020 [IV],
2057 1944 2136 2003 51
2162 1935 2297 2026 sqss).

249 2029 504 2100 Quando
540 2031 730 2108 igitur
764 2031 1154 2090 manifestum
1182 2035 1273 2091 est
1299 2031 1628 2110 Aeginetas
1656 2031 1901 2090 minime
1932 2032 2296 2092 Salaminiae

250 2140 492 2197 pugnae
547 2120 757 2179 laudes
807 2138 843 2178 a
888 2120 1082 2196 poetis
1141 2121 1431 2197 exegisse,
1487 2121 1747 2180 nolimus
1804 2141 2008 2180 eorum
2055 2122 2294 2182 silentio

249 2209 424 2267 abuti
509 2209 588 2267 ad
668 2212 941 2283 tempora
1013 2209 1345 2268 carminum
1426 2209 1778 2268 definienda.
1901 2209 2295 2287 Bacchylides

249 2298 496 2374 quidem
541 2297 692 2356 mihi
737 2298 980 2356 videtur
1024 2316 1143 2356 non
1189 2298 1370 2373 plane
1418 2317 1518 2357 eas
1565 2317 1660 2357 res
1699 2299 1949 2375 siluisse,
1997 2300 2101 2358 sed
2138 2303 2294 2360 tecte

250 2387 470 2446 saltem
498 2386 890 2465 significasse3
933 2406 1145 2446 verum
1173 2405 1309 2445 cum
1338 2407 1410 2446 ea
1437 2387 1621 2446 verba
1651 2379 1761 2468 (79
1795 2407 1923 2464 sqq.
1959 2385 2069 2463 [46
2103 2382 2293 2471 sqq.])

248 2477 464 2535 mutila
510 2475 740 2534 tradita
786 2475 923 2544 sint,
971 2476 1391 2551 supplementa
1426 2495 1562 2534 mea
1596 2477 1737 2535 nolo
1775 2495 1885 2553 pro
1925 2480 2293 2554 argumentis

246 2565 577 2624 venditare.
672 2564 967 2639 Tempora
1022 2567 1223 2623 autem
1279 2565 1364 2623 sie
1419 2564 1662 2624 definio:
1723 2566 1821 2624 vel
1874 2568 2013 2641 post
2069 2586 2292 2625 annum

255 2655 388 2713 480
443 2654 541 2713 vel
596 2653 765 2712 brevi
821 2656 960 2712 ante
1014 2654 1311 2729 Pytheam
1357 2654 1627 2713 Athenas
1676 2673 1803 2713 esse
1849 2655 2123 2731 missum,
2171 2656 2290 2715 vic-

244 2743 470 2801 toriam
516 2744 721 2801 autem
758 2742 905 2818 eius,
953 2743 1237 2818 quoniam
1272 2742 1559 2801 Nemeaei
1594 2743 1723 2802 ludi
1759 2744 1823 2801 in
1863 2740 2293 2819 Olympiadum

246 2850 436 2891 annos
494 2831 781 2890 secundos
840 2834 1208 2908 quartosque
1264 2831 1636 2906 incidebant,
1691 2833 1789 2890 vel
1841 2832 1906 2889 in
1955 2851 2110 2891 anno
2159 2835 2286 2893 479

248 2921 345 2979 vel
396 2922 523 2979 477
576 2920 856 2979 collocari
901 2939 1088 2995 posse.

426 3009 887 3084 Inscriptionem
914 3009 1211 3085 carminiS,
1258 3029 1413 3085 quae
1461 3029 1598 3069 cum
1634 3009 1927 3085 principio
1964 3010 2163 3086 periit,
2201 3011 2291 3070 ita

245 3098 519 3157 restituit
564 3098 894 3157 Britannus
943 3099 1160 3156 editor:
1209 3096 1431 3180 Πυθέᾳ
1476 3096 1773 3182 Αἰγινήτῃ
1814 3097 1986 3157 παιδὶ
2030 3119 2288 3179 παγκρα-

247 3195 449 3268 τιαστῇ
507 3183 739 3265 Νέμεα,
795 3188 949 3246 sicut
993 3184 1178 3264 vulgo
1235 3189 1327 3246 est
1371 3188 1435 3245 in
1480 3187 1728 3245 Pindari
1776 3187 2064 3263 carmine,
2119 3187 2290 3249 παιδὶ

247 3275 610 3335 vocabulum
654 3276 879 3351 partim
927 3276 1339 3335 exhibentibus
1385 3275 1554 3334 libris
1591 3276 1816 3352 partim
1852 3296 1972 3336 non
2010 3278 2287 3337 exhiben-

247 3364 428 3423 tibus.
522 3365 635 3422 Est
680 3367 886 3423 autem
933 3365 1016 3424 sic
1063 3365 1224 3439 apud
1269 3365 1602 3423 Pindarum
1659 3364 1730 3423 de
1775 3365 2010 3441 Pythea
2059 3359 2141 3448 (v.
2193 3359 2287 3448 6):

252 3449 419 3512 οὔπω
483 3449 688 3532 γένυσι
754 3452 991 3530 φαίνων
1055 3451 1318 3533 τέρειναν
1384 3446 1584 3530 ματέρ’
1654 3448 1955 3526 οἰνάνθας
2030 3451 2286 3535 ὀπώραν.

251 3540 378 3610 Quo
428 3542 670 3618 quidem
705 3561 882 3601 versu
928 3543 1168 3602 videtur
1210 3543 1361 3600 mihi
1406 3542 1701 3601 Pindarus
1751 3542 2139 3604 disertissime
2195 3545 2285 3602 in-
