2622 3960
1015 179 1447 269 PRAEFATIO.
1925 196 1932 201 ·
2102 180 2254 234 LVII

202 336 372 405 mum
428 346 701 425 Aeginae
767 349 898 406 erat
963 367 1063 407 eos
1125 348 1335 407 heroes
1390 347 1745 407 celebrandi.
1848 348 2004 408 Tota
2064 348 2256 426 igitur

207 438 545 512 systemata
628 438 912 512 quartum
995 437 1388 513 quintumque
1468 438 1535 496 in
1614 436 1895 496 laudibus
1978 437 2256 497 Troianis

203 524 464 584 Achillis
502 525 827 601 Aiacisque
867 543 1049 601 quam
1086 526 1584 602 splendidissime
1602 526 1883 585 ornandis
1919 529 2255 585 versantur.

207 612 390 673 Sexto
449 614 825 690 septimoque
878 634 987 690 per
1040 615 1369 674 sententias
1425 615 1735 692 generales
1788 615 2112 675 revertitur
2177 615 2255 674 ad

202 701 438 762 insulae
484 703 714 780 laudes,
759 723 952 779 neque
980 704 1296 763 Menandri
1330 704 1609 781 magistri
1634 703 2035 779 Lamponisve
2062 704 2257 780 patris

207 791 602 851 obliviscitur.

383 881 538 939 XIII
557 876 729 960 [XIV
731 878 776 956 ].
835 879 1136 957 Scriptum
1155 880 1563 956 Cleoptolemo
1581 881 1900 957 Pyrrhichi
1919 882 1958 940 f.
1986 873 2067 963 (si
2095 884 2258 940 recte

207 970 524 1046 suppletus
552 972 645 1029 est
662 990 728 1052 v..
742 962 854 1051 22)
877 969 1180 1047 Thessalo,
1197 970 1471 1029 Petraeis
1499 971 1656 1029 ludis
1677 971 2036 1030 Thessalicis
2065 970 2260 1029 curuli

207 1059 537 1118 certamine
590 1058 834 1134 victori,
890 1059 1247 1118 collocatum
1303 1063 1508 1118 autem
1562 1060 1675 1119 hoc
1729 1060 1860 1119 loco
1906 1063 1977 1119 ut
2020 1060 2261 1119 videtur

205 1148 426 1206 ultimo
482 1147 740 1207 fortasse
797 1148 872 1207 ob
925 1148 991 1206 id
1034 1148 1258 1224 ipsum,
1317 1149 1478 1224 quod
1523 1148 1707 1207 solius
1752 1148 1930 1206 huius
1978 1149 2259 1208 carminis

206 1237 337 1295 ludi
381 1256 525 1313 ,non
590 1239 764 1295 erant
827 1255 898 1294 ex
955 1236 1041 1295 eis
1096 1237 1201 1312 qui
1261 1237 1417 1296 sacri
1479 1237 1865 1296 vocabantur.
1885 1230 1935 1317 1)
2036 1237 2261 1313 Incipit

207 1345 451 1384 carmen
500 1344 538 1383 a
582 1329 757 1402 parte
804 1325 1195 1400 sententiosa3
1253 1326 1326 1383 de
1385 1326 1641 1384 victoria
1686 1328 1749 1384 et
1793 1326 2019 1385 victore
2064 1345 2261 1402 pauca

206 1434 367 1474 nunc
414 1414 646 1491 relicta,
691 1415 979 1491 pleraque
1024 1414 1408 1473 mutilatione
1453 1414 1596 1472 libri
1634 1413 1841 1473 ablata
1884 1417 2042 1488 sunt,
2090 1417 2152 1473 et
2189 1433 2262 1473 ea

192 1503 342 1580 ,ipsa
390 1522 548 1580 quae
594 1503 883 1563 habemus
930 1523 1107 1581 aegre
1152 1503 1591 1580 intelleguntur
1636 1504 2128 1579 supplenturque.

947 1731 1006 1781 B.
1046 1728 1522 1781 ΔῙΘΤΡΑΜΒΟῘ.

391 1860 615 1918 Totum
673 1860 785 1918 hoc
850 1859 1182 1918 carminum
1245 1875 1433 1937 genus
1490 1862 1630 1918 ante
1686 1859 2114 1935 Bacchylidem
2170 1859 2262 1918 in·-

208 1950 483 2011 ventum'
506 1948 672 2008 haud
716 1949 975 2008 multum
1021 1949 1230 2008 aberat
1275 1948 1424 2025 quin
1468 1967 1713 2025 prorsus
1757 1948 2034 2026 ignotum
2090 1951 2264 2008 esset.

214 2039 419 2098 Unum
467 2038 596 2098 eius
644 2039 942 2115 specimen
985 2039 1371 2113 habebamuS,
1409 2038 1663 2097 Danaen
1702 2036 2052 2097 Simonidis:
2103 2039 2264 2114 quod

213 2147 457 2187 carmen
517 2127 662 2203 quin
717 2147 780 2186 re
835 2147 978 2188 vera
1034 2128 1114 2189 ad
1165 2127 1277 2186 hoc
1338 2146 1526 2203 genus
1591 2127 1895 2203 pertineat
1955 2127 2080 2186 iam
2143 2147 2265 2186 non

213 2221 361 2293 puto
412 2236 779 2292 quemquam
825 2216 1083 2291 amplius
1131 2216 1548 2274 dubitaturum
1595 2235 1738 2292 esse,
1785 2216 1928 2275 licet
1965 2216 2088 2275 sint
2134 2217 2263 2292 qui-

212 2306 323 2365 bus
367 2305 437 2364 id
481 2325 604 2364 non
649 2306 1050 2380 persuaserim
1096 2305 1705 2363 commentatiuncula
1753 2308 1892 2364 ante
1946 2305 2057 2364 hos
2113 2305 2261 2364 duos

218 2413 409 2454 annos
504 2395 728 2470 scripta
809 2395 1186 2469 Hermaeque
1267 2394 1564 2452 volumini
1643 2394 1954 2471 trigesimo
2037 2394 2267 2452 inserta

215 2480 297 2561 (p.
347 2486 482 2543 314
530 2479 706 2560 sqq.).
799 2482 1175 2559 Quamquam
1221 2482 1384 2557 quod
1436 2482 1523 2541 ibi
1576 2483 1966 2558 pronuntiavi
2009 2483 2265 2541 Danaen
2307 2491 2318 2504 “

212 2576 427 2649 utpote
493 2571 941 2648 dithyrambum
996 2571 1388 2647 antistrophis
1444 2590 1670 2647 carere,
1725 2572 1791 2629 id
1845 2572 1938 2630 his
1995 2571 2262 2647 Bacchy·
2349 2567 2356 2571 ‘

212 2660 389 2720 lideis
428 2680 529 2720 sex
567 2662 665 2720 vel
709 2661 970 2737 quinque
1000 2660 1362 2720 carminibus
1391 2694 1475 2701 —-
1504 2680 1648 2719 nam
1676 2661 1748 2718 de
1777 2660 1977 2720 ultimi
2006 2659 2266 2735 strophis

213 2770 334 2810 non
383 2753 622 2809 constat
668 2782 753 2791 —
801 2750 925 2808 fere
978 2749 1234 2809 refutari
1286 2750 1551 2826 videtur3
1606 2750 1815 2825 itaque
1876 2749 2134 2824 amplius
2180 2748 2269 2806 ibi

217 2838 596 2915 quaerendae
662 2842 723 2898 et
782 2839 1030 2915 stropha
1092 2842 1154 2898 et
1218 2838 1597 2914 antistropha
1662 2842 1723 2897 et
1787 2838 2036 2913 epodus,
2112 2856 2266 2912 quae

215 2927 523 3004 putandae
589 2930 730 2986 sunt
799 2928 864 2986 in
936 2928 1216 3003 Dionysii
1284 2927 1554 3003 exemplo
1627 2926 2010 3004 paragrapho
2085 2926 2268 2984 solita

218 3019 534 3093 separatae
581 3016 783 3076 fuisse.
864 3016 956 3075 De
1004 3017 1210 3076 ordine
1255 3017 1470 3075 horum
1515 3015 1898 3092 Bacchylidis
1937 3014 2269 3073 carminum

220 3106 410 3183 deque
477 3106 690 3165 ceteris
755 3106 932 3164 rebus
1007 3109 1187 3164 antea
1251 3106 1376 3163 dixi
1441 3097 1526 3186 (p.
1581 3105 1640 3162 V
1695 3096 1842 3186 sq.);
1901 3103 1967 3161 id
2032 3122 2270 3178 quoque

219 3195 699 3270 commemoravi,
746 3195 1201 3270 comprehensas
1249 3213 1376 3253 esse
1416 3213 1451 3252 a
1488 3192 1899 3270 grammaticis
1937 3191 2269 3268 dithyram-

219 3283 432 3343 borum
468 3283 710 3342 nomine
748 3302 951 3342 omnes
986 3283 1364 3342 narrationes
1401 3282 1725 3357 fabulosas,
1774 3281 1888 3340 etsi
1921 3278 1987 3339 in
2026 3281 2267 3357 quibus-

222 3372 360 3432 dam
426 3391 633 3430 earum
699 3373 845 3431 satis
911 3376 1116 3447 aperte
1187 3370 1487 3430 indicetur
1560 3370 1863 3430 diversum
1937 3370 2269 3429 carminum

405 3561 458 3631 1)
495 3559 563 3613 V.
601 3559 840 3629 Kenyon
875 3578 929 3629 p.
970 3558 1167 3615 XXIV.
