2622 3960
1055 192 1487 250 PRAEFATIO.
2216 195 2297 249 XI

435 360 575 420 Non
636 364 778 420 sunt
822 362 987 419 -haec
1043 382 1319 439 quaeque
1375 364 1467 422 his
1524 363 1740 422 addere
1798 363 1990 439 possis
2002 356 2054 445 1)
2115 363 2296 423 valde

256 449 449 507 multa
502 469 721 533 neque,
749 449 927 509 nimis
981 452 1219 528 gravia,
1267 473 1461 528 neque
1518 452 1799 511 videntur
1852 453 1977 512 ullo
2024 455 2294 529 tempore

257 538 636 613 Bacchylidis
678 539 944 598 carmina
971 559 1335 618 magnopere
1363 543 1645 617 corrupta
1675 559 1818 600 esse.
1891 541 2061 600 Vitia
2086 561 2293 601 nume-

256 647 459 687 rorum
514 647 666 703 quae
717 628 926 687 insunt
977 630 1267 705 pleraque
1324 631 1612 690 facillima
1667 631 1900 690 ratione
1961 631 2291 704 tolluntur3

254 735 393 775 raro
423 736 495 775 ex
520 717 987 793 transpositione
1016 719 1220 795 aliqua
1247 719 1480 778 medela
1507 719 1765 795 petenda
1794 721 1900 794 est,
1939 721 2011 777 ut
2055 720 2302 797 egregie·

257 806 417 882 XIV,
467 808 550 863 47
608 806 860 881 Kenyon
915 806 1107 887 λόγων
1162 800 1336 888 ἆρχεν
1393 808 1632 884 scripsit
1687 828 1797 884 pro
1854 801 2029 887 ἆρχεν
2083 807 2293 887 λόγων.

255 894 469 969 Neque
515 914 658 955 vero
706 894 906 955 omnia
951 896 1220 955 tollenda
1268 915 1394 956 esse
1440 901 1617 974 puto,
1667 915 1818 974 quae
1867 915 2001 955 cum
2044 897 2294 973 reliquis

253 983 518 1059 strophis
572 1003 692 1043 non
747 983 824 1041 ad
879 986 1165 1043 amussim
1222 986 1606 1061 conveniant,
1666 1005 1787 1062 qua
1836 985 1907 1045 de
1954 1005 2017 1045 re
2062 986 2127 1043 in
2173 986 2295 1044 alia

258 1072 436 1130 huius
491 1073 887 1148 praefationis
942 1076 1117 1149 parte
1172 1075 1475 1135 disseram.
1576 1075 1691 1133 Hic
1747 1077 1953 1134 autem
2016 1074 2166 1133 libet
2222 1074 2294 1132 de

258 1161 491 1220 duobus
539 1162 609 1220 V.
658 1162 937 1220 carminis
982 1163 1128 1222 locis
1175 1164 1387 1241 dicere,
1435 1164 1542 1223 ubi
1586 1164 1846 1240 suspicio
1894 1166 1985 1222 est
2022 1183 2059 1222 a
2096 1183 2293 1241 gram-
2328 1220 2332 1224 .

258 1250 524 1326 maticis,
601 1253 670 1308 ut
732 1271 1117 1311 numerorum
1178 1253 1633 1331 congruentiam
1707 1252 2037 1328 efficerent,
2113 1271 2294 1352 quae-

255 1339 398 1397 dam
442 1339 508 1397 in
553 1340 724 1415 peius
769 1342 1005 1398 mutata
1052 1360 1196 1400 esse.
1277 1343 1502 1401 Versus
1550 1345 1691 1400 sunt
1738 1341 2020 1416 strophae
2066 1341 2295 1416 primae

254 1427 607 1487 undecimus
655 1429 1187 1506 duodecimusque:
1236 1423 1384 1511 (ἀπὸ
1432 1422 1681 1512 ζαθέας)
1719 1429 1906 1489 νάσου
1944 1427 2111 1502 ξένος
2150 1428 2292 1507 ὑμε-

258 1514 434 1595 τέραν
498 1509 733 1598 πέμΙπει
795 1516 1105 1577 κλεεννὰν·
1124 1516 1182 1590 ἐς
1238 1518 1443 1596 πόλιν,
1516 1519 1665 1578 item
1721 1519 1985 1578 decimus
2042 1520 2294 1593 quartus

255 1599 994 1688 111111113113111181(κλει)νὸς
1040 1607 1346 1686 θεράπων,
1391 1606 1582 1668 ἐθέλει
1629 1603 1692 1666 δὲ
1736 1602 1743 1685 Ι
1784 1616 1973 1687 γᾶρυν
2029 1605 2094 1666 ἐκ
2155 1622 2293 1684 ‹51:71-
2379 1638 2385 1655 ι

258 1693 424 1755 θέων
486 1692 635 1774 χέων
691 1690 698 1773 Ι
757 1687 977 1776 (αἰνεῖν
1033 1690 1318 1796 Ἱέρωνα).
1426 1697 1599 1755 Nihil
1663 1700 1757 1755 est
1815 1697 1880 1755 in
1940 1695 2138 1755 verbis
2210 1695 2297 1753 ibi

254 1785 552 1860 suspecti·
618 1784 723 1842 sed
776 1780 994 1843 ultima
1047 1785 1315 1860 priorum
1374 1805 1657 1845 versuum
1715 1785 1948 1862 syllaba
2003 1785 2168 1843 deest
2230 1785 2295 1842 in

256 1873 508 1948 reliquis
565 1873 827 1949 strophis
883 1873 1158 1932 omnibus
1212 1878 1454 1950 praeter
1517 1875 1958 1950 antistropham
2021 1874 2294 1949 primam.

252 1961 354 2021 Ibi
409 1965 614 2022 autem
667 1962 814 2021 haec
868 1963 1178 2075 leguntur:
1245 1956 1359 2045 (26
1419 1960 1531 2041 sq.)
1598 1963 1977 2024 δυσπαίπαλα
2039 1963 2293 2040 κύματα·

258 2061 525 2130 νωμᾶται
583 2046 638 2110 δ’
690 2049 757 2111 ἐν
812 2048 1038 2137 ἀτρύτω
1092 2053 1217 2132 χάει
1267 2049 1274 2132 Ι
1327 2046 1690 2134 (λεπτότριχα
1739 2098 1751 2111 .
1801 2045 2162 2135 ,ε’θειραν),
2234 2054 2295 2110 et

254 2133 374 2222 (29
430 2132 578 2221 sq.:)
646 2109 1015 2223 (πνο)αἴσιν
1047 2139 1288 2222 ἔθειραν
1348 2139 1669 2222 ἀρίγνωτος
1742 2136 1868 2219 μετ’
1943 2139 2293 2222 ἀνθρώποις

260 2229 432 2289 ἰδεῖν.
524 2228 642 2288 Sed
676 2250 786 2306 pro
824 2230 1022 2289 media
1057 2231 1251 2290 forma
1289 2241 1556 2309 νωμᾶται
1593 2232 1807 2307 utique
1847 2230 2047 2290 activa
2084 2232 2293 2306 postu-

246 2320 438 2394 latur,
470 2338 653 2395 quam
670 2320 882 2395 reponi
898 2319 1111 2377 iubent
1137 2320 1207 2378 R.
1229 2320 1285 2378 J.
1305 2321 1570 2397 Walker,
1591 2320 1764 2379 Arth.
1790 2319 2097 2395 Ludwich,
2118 2319 2293 2378 Arth.

254 2407 446 2484 Platt,
502 2427 699 2483 neque
745 2426 1065 2483 possumus
1110 2428 1232 2468 non
1279 2428 1416 2468 cum
1460 2409 1536 2467 H.
1583 2409 1804 2469 Weilio
1850 2428 1959 2484 pro
2008 2411 2293 2484 corrupto

254 2497 479 2555 habere
529 2497 692 2572 quod
739 2497 810 2556 de
858 2498 1066 2573 aquila
1112 2497 1336 2556 dicitur
1381 2499 1740 2575 „conspicua
1785 2501 1938 2556 inter
1973 2495 2295 2556 homines“.

249 2585 419 2654 Quid
482 2585 674 2663 igitur
738 2586 789 2644 si
854 2604 974 2644 non
1038 2590 1341 2646 mutemus
1398 2581 1520 2665 μετ’
1579 2588 1642 2646 111
1686 2580 1841 2666 μέγ’,
1897 2606 2092 2662 neque
2152 2605 2294 2645 vero

249 2672 607 2755 ἀνθρώποις
653 2675 716 2732 111
764 2674 1001 2746 οἰωνοῖς
1051 2672 1235 2753 (quae
1273 2677 1417 2734 sunt
1461 2676 1728 2735 medelae
1776 2694 1811 2734 a
1857 2674 2076 2734 Weilio
2124 2674 2293 2731 dubi-

255 2766 464 2823 tanter
498 2755 894 2845 propositae),
935 2764 1038 2822 sed
1075 2764 1431 2840 simpliciter
1478 2757 1569 2846 (id
1607 2765 1770 2841 quod
1796 2764 2046 2821 Walker
2072 2763 2295 2822 facien-

246 2854 403 2911 dum
441 2847 701 2930 censuit)
752 2853 1056 2911 deleamus
1105 2847 1251 2931 μετ’,
1298 2857 1371 2911 ut
1417 2853 1659 2912 illatum
1705 2853 1779 2912 ab
1827 2872 1895 2912 eo
1945 2852 2051 2928 qui
2088 2871 2293 2909 nume-

244 2960 354 3002 ros
411 2942 693 3018 strophae
749 2942 1282 3018 antistrophaeque
1342 2962 1676 3020 exaequare
1721 2939 2007 3018 cuperet?
2082 2940 2296 2999 Eidem

250 3031 447 3108 igitur
485 3031 668 3090 etiam
703 3040 969 3109 νωμᾶται
1005 3049 1113 3106 pro
1144 3036 1315 3113 νωμᾷ
1343 3034 1677 3108 repositum
1703 3031 2056 3106 tribuemus,
2094 3049 2290 3105 neque

248 3139 363 3180 nos
410 3120 748 3180 morabitur
794 3119 955 3196 quod
1000 3120 1264 3178 medium
1310 3119 1433 3178 iam
1479 3121 1802 3181 scholiasta
1847 3118 2095 3178 Hesiodi
2140 3119 2292 3197 legit

440 3362 492 3431 1)
531 3360 696 3415 Falso
735 3364 1048 3415 correctum
1084 3362 1173 3413 est
1209 3358 1386 3412 etiam
1420 3360 1514 3427 IX,
1545 3366 1629 3414 23
1669 3358 1737 3428 X,
1767 3364 1852 3413 28.
1891 3358 2011 3428 XII,
2041 3365 2124 3414 53.
2169 3365 2289 3413 156.

255 3432 405 3496 XVI,
427 3437 510 3486 89.
532 3431 704 3500 XVII,
725 3438 810 3487 53.
886 3430 1151 3486 Scholion
1188 3445 1310 3483 esse
1347 3429 1467 3500 XV,
1497 3437 1565 3485 34
1593 3435 1826 3512 ποταμώ
1854 3403 2298 3504 1111118Λυκόρμα

252 3502 519 3557 viderunt
562 3503 833 3556 Ludwich
880 3505 937 3557 et
973 3521 1021 3557 v.
1061 3475 1471 3570 Wilamowit23
1520 3484 1829 3569 corrumpit
1863 3517 2124 3555 numeros
2164 3484 2299 3553 dac-

251 3574 477 3643 tylicos.
