2622 3960
341 169 495 223 XXII
1146 166 1576 223 PRAEFATIO.

333 333 589 416 Ἱίμέρας
642 336 930 414 religione
989 357 1061 395 ex
1114 336 1377 395 Arcadia
1420 335 1859 412 Metapontium
1916 335 2238 407 translata·
2306 353 2377 393 ea

342 427 503 484 enim
556 425 669 484 dea
723 429 784 484 et
835 425 1041 484 Proeti
1095 425 1250 484 filias
1310 425 1565 501 denique
1626 443 1866 484 sanasse
1914 427 1976 482 et
2019 423 2374 483 Alexidamo

341 518 479 591 post
526 512 906 590 Olympicum
952 517 1252 573 certamen
1298 533 1582 590 prospero
1629 517 1848 574 eventu
1893 532 2098 572 carens
2134 512 2377 613 Delphi-

346 623 478 663 cam
522 603 837 663 victoriam
880 604 1159 662 tribuisse
1198 604 1435 662 dicitur.
1526 603 1599 661 In
1644 602 1824 678 primi
1859 605 2062 661 autem
2099 602 2377 660 carminis

341 695 705 751 structuram
749 711 907 751 nunc
960 693 1200 751 demum
1244 692 1634 767 introspicere
1679 709 2012 767 possumus,
2059 694 2381 766 postquam

340 780 790 840 Wilamowitzii
824 782 1142 857 Ellisiique
1179 781 1452 840 doctrina
1487 781 1728 840 fabulae
1776 799 1928 856 quae
1974 780 2061 838 ibi
2106 780 2381 839 exstabat

340 873 761 948 argumentum
797 872 1002 945 paullo
1041 870 1342 929 clariore
1325 892 1390 929 111
1416 871 1547 929 11100
1586 871 1941 929 collocatum
1970 872 2077 928 est.
2159 868 2377 944 Itaque

338 978 571 1018 summa
608 959 886 1019 carminis
914 959 1007 1018 his
1046 959 1357 1018 sententiis
1386 959 1679 1018 contineri
1706 958 1944 1018 videtur
1976 954 2043 1036 (d
2073 960 2151 1016 21
2185 953 2381 1034 sqq.:)

341 1045 497 1125 φαμὶ
549 1046 651 1107 καὶ
705 1048 877 1125 φάσω
933 1044 1204 1128 μέγιστον
1259 1048 1446 1119 κῦδος
1501 1046 1650 1126 ἔχειν
1705 1045 1940 1126 ἀρετάν
2002 1049 2256 1117 πλοῦτος
2314 1042 2377 1105 δὲ

338 1135 439 1196 καὶ
496 1136 775 1197 δειλοῖσιν
834 1134 1178 1248 ἀνθρώπων
1233 1133 1453 1215 ὁμιλεῖ,
1507 1134 1698 1196 ἐθέλει
1753 1129 1811 1194 δ’
1880 1132 2083 1209 αὔξειν
2148 1131 2373 1214 φρένας

342 1223 581 1306 ἀνδρός,
618 1221 651 1284 ὃ
690 1221 746 1284 δ’
789 1215 865 1286 εὖ
903 1223 1126 1306 ἔρδων
1165 1225 1387 1297 θεοὺς
1423 1223 1656 1285 ἐλπίδι
1701 1222 2094 1307 κυδροτέρα
2142 1223 2382 1283 σαίνει

340 1312 523 1395 κέαρ.
614 1315 781 1375 Haec
835 1319 1083 1391 propter
1145 1315 1435 1375 victorem
1487 1314 1746 1392 Argium
1808 1318 1869 1373 et
1940 1313 2380 1390 quodammodo

344 1405 417 1463 de
463 1404 652 1481 Argio
709 1404 870 1463 dicta
926 1423 1052 1464 esse
1099 1405 1424 1464 ostendunt
1467 1422 1672 1464 versus
1724 1406 1804 1462 17
1854 1422 2011 1478 sqq..
2075 1401 2380 1482 Κρονίδας

336 1488 747 1595 Ισθμιονίκαν
802 1498 996 1571 θῆκεν
1060 1487 1209 1553 ἀντ’
1273 1491 1707 1573 εὐεργεσιᾶν.
1807 1492 2101 1550 Fabulam
2178 1494 2383 1550 autem

343 1582 620 1641 carminis
670 1582 873 1641 videre
918 1582 1190 1642 videmur
1235 1583 1308 1640 de
1355 1581 1703 1662 mulieribus
1750 1581 2130 1656 pauperculis
2178 1580 2380 1655 fuisse,

344 1690 498 1746 quae
544 1672 749 1730 Iovem
787 1671 931 1730 olim
966 1670 1226 1746 hospitio
1276 1670 1616 1746 exceperint
1663 1688 1931 1746 quasque
1974 1670 2079 1728 1110
2133 1688 2380 1770 magno-

340 1780 481 1835 pere
534 1760 945 1818 remunerarit.
1040 1757 1318 1834 Optimus
1372 1760 1564 1837 igitur
1619 1761 1802 1835 atque
1855 1759 2103 1818 intimus
2156 1758 2222 1816 in
2265 1758 2380 1816 hoc

343 1867 580 1923 quoque
627 1848 888 1907 carmine
933 1849 1198 1923 partium
1244 1867 1429 1907 nexus
1477 1851 1796 1924 comparet.
1888 1847 2063 1906 Addo
2103 1865 2229 1906 esse
2276 1846 2382 1904 ubi

343 1937 560 2013 duplex
605 1936 686 1996 sit
721 1937 987 2013 mythica
1023 1956 1179 2014 pars,
1217 1938 1561 1997 narratione
1599 1937 1809 1997 statim
1843 1939 1982 2013 post
2021 1936 2384 2013 principium

340 2027 567 2085 inserta
621 2027 694 2085 de
749 2021 1027 2086 ludorum
1083 2027 1297 2102 quibus
1353 2027 1605 2086 victoria
1659 2030 1838 2102 parta
1893 2028 1986 2085 est
2032 2025 2381 2104 originibus

298 2116 315 2136 ⁶
341 2115 473 2174 Hoc
506 2116 734 2173 factum
773 2118 864 2174 est
908 2119 970 2174 et
1012 2116 1077 2174 in
1112 2116 1279 2174 VIII.
1328 2120 1390 2175 et
1432 2116 1497 2174 in
1533 2116 1685 2191 XI1.,
1729 2116 1856 2174 11110
1891 2116 2061 2174 nullo
2096 2114 2382 2174 interiore

341 2205 582 2263 vinculo
639 2204 1043 2264 intercedente
1102 2238 1186 2246 —
1243 2208 1401 2264 certe
1457 2224 1578 2264 non
1633 2204 1897 2264 cernitur
1952 2204 2099 2279 quid
2144 2207 2383 2279 praeter

340 2293 671 2352 Nemeaeos
717 2294 889 2353 ludos
928 2313 1236 2353 commune
1274 2294 1356 2353 sit
1390 2294 1640 2353 Adrasti
1675 2293 2041 2368 expeditioni
2079 2293 2381 2352 infaustae

344 2385 406 2440 et
459 2382 812 2441 Automedis
867 2383 1155 2443 victoriae
1214 2415 1327 2458 ——‚
1385 2386 1452 2442 at
1503 2384 1568 2440 in
1624 2382 1757 2440 XII.
1804 2383 1997 2440 multa
2053 2401 2189 2440 cum
2234 2384 2382 2457 arte,

342 2491 483 2530 cum
535 2471 829 2531 Hercules
886 2473 1148 2531 Nemeae
1205 2491 1341 2531 cum
1404 2473 1575 2531 leone
1638 2471 1873 2530 luctans
1937 2470 2382 2546 pancratiastae

341 2560 588 2620 victoris
636 2561 810 2636 quasi
854 2561 1055 2638 imago
1102 2564 1483 2620 monstretur.
1579 2559 1960 2619 Sententiosa
2004 2562 2207 2618 autem
2241 2578 2383 2634 pars

340 2653 405 2708 et
449 2649 630 2725 primi
676 2649 956 2709 carminis
1002 2649 1282 2708 ultimum
1320 2653 1583 2725 systema
1612 2651 1867 2724 occupat
1893 2652 1954 2707 et
1980 2649 2147 2707 tertii
2174 2649 2383 2724 paullo

341 2739 538 2797 minus
588 2758 773 2814 quam
810 2739 927 2799 duo
965 2740 1182 2798 ultima
1219 2742 1579 2815 systemata3
1616 2738 1777 2796 idem
1813 2739 1979 2796 locus
2018 2740 2110 2796 est
2147 2741 2383 2796 senten-

341 2828 444 2887 tiis
499 2827 565 2885 in
619 2847 777 2887 nono
835 2828 1035 2903 datus,
1092 2831 1154 2886 et
1197 2827 1262 2885 in
1306 2828 1472 2885 XIII.
1516 2827 1717 2902 ipsum
1761 2825 2119 2902 principium
2167 2826 2243 2884 ab
2299 2825 2385 2885 eis

340 2916 427 2975 fit.
519 2916 661 2975 Alia
707 2917 974 2975 carmina
1022 2917 1223 2991 ampla
1270 2919 1379 2975 aut
1415 2919 1621 2974 carent
1657 2915 1968 2974 sententiis
2006 2914 2385 2992 generalibus

342 3001 475 3082 (X),
523 3008 630 3065 aut
673 3024 842 3065 raras
887 3006 1110 3064 habent
1156 3000 1287 3082 (V),
1336 3008 1443 3063 aut
1488 3004 1743 3080 denique
1789 3023 1925 3063 cum
1968 3003 2249 3062 laudibus
2294 3004 2387 3062 ita

340 3095 712 3169 intertextaS,
758 3097 830 3153 ut
865 3114 974 3170 per
1010 3113 1072 3153 se
1109 3096 1347 3169 partem
1381 3113 1502 3153 non
1540 3093 1806 3153 efficiant
1834 3085 2027 3174 (XII).
2103 3092 2386 3152 Ceterum

338 3183 528 3242 etiam
572 3183 991 3243 duodecimum
1037 3203 1109 3242 ex
1154 3182 1239 3241 eis
1286 3186 1379 3242 est
1421 3183 1487 3241 in
1535 3183 1749 3259 quibus
1795 3182 1997 3240 unitas
2042 3181 2152 3240 illa
2199 3200 2383 3257 quam

340 3273 648 3348 requirere
693 3273 949 3332 solemus
995 3270 1240 3330 minime
1286 3272 1682 3344 desideretur3
1729 3271 1965 3330 canitur
2002 3271 2161 3330 enim
2206 3270 2383 3329 fortis

340 3362 753 3437 pancratiasta
771 3380 907 3420 cum
924 3361 1069 3420 forti
1086 3361 1286 3436 patria
1300 3361 1536 3438 Aegina
1551 3360 1924 3435 fortibusque
1941 3359 2069 3417 eius
2083 3359 2381 3417 heroibus.

341 3450 480 3509 Non
522 3450 712 3528 igitur
759 3468 853 3508 ars
897 3449 964 3507 in
1009 3449 1429 3525 componendis
1475 3449 1660 3509 variis
1699 3447 1971 3523 partibus
1998 3447 2136 3506 huic
2164 3450 2383 3523 poetae

338 3538 550 3614 defuit,
599 3537 712 3595 etsi
756 3557 878 3596 non
925 3539 1136 3597 eadem
1180 3537 1402 3613 ubique
1451 3537 1776 3595 exhibetur.

2581 3729 2594 3924 1
