2622 3960
1014 188 1447 244 PRAEFATIO.
2096 190 2254 246 XXV

216 357 481 417 dubitari
518 360 734 433 potest.
815 358 941 433 Ipsi
976 361 1191 434 poetae
1230 357 1506 417 credendi
1542 361 1683 417 sunt
1718 379 1838 419 non
1875 359 2114 420 divisim
2151 360 2258 419 sed

215 447 582 505 coniunctim
625 449 788 506 totas
835 447 1110 522 strophas
1148 447 1452 522 scripsisse
1467 439 1537 528 ¹),
1575 447 1878 524 fuisseque
1917 449 2255 526 antiquitus

218 536 590 595 simHIfflam
625 536 884 612 speciem
920 537 1200 595 carminis
1238 537 1494 595 alicuius
1529 536 1705 612 lyrici
1731 528 2018 618 (maxime
2056 538 2255 614 dithy-

213 625 560 684 ramborum
604 625 1017 701 recentiorum,
1067 626 1174 701 qui
1211 626 1397 684 etiam
1433 625 1692 701 strophis
1730 619 2029 707 carerent)
2070 630 2255 703 atque

215 714 505 774 orationis
551 714 862 790 pedestriS,
908 734 1104 791 neque
1150 715 1349 774 solum
1395 715 1652 790 speciem
1698 716 1801 774 sed
1840 716 2024 774 etiam
2060 715 2257 792 ipsam

213 823 597 863 numerorum
663 822 1034 880 compagem,
1107 806 1432 880 postquam
1506 803 1699 863 oratio
1765 804 1843 862 ad
1917 806 2256 880 exemplum

216 892 735 968 dithyramborum
789 892 1166 969 aliorumque
1223 892 1549 951 carminum
1606 893 1930 968 lyricorum
1993 894 2256 952 numeris

214 981 303 1040 uti
359 981 574 1057 coepit.
588 973 640 1063 Β)
731 981 1138 1040 Alexandrina
1194 984 1400 1040 autem
1464 984 1689 1058 aetate,
1764 1001 1902 1041 cum
1955 982 2079 1042 iam
2136 1002 2256 1041 non

217 1071 573 1129 canerentur
617 1070 1004 1147 antiquorum
1050 1071 1341 1146 carmina,
1398 1070 1502 1130 'sed
1546 1071 1947 1130 recitarentur
1989 1073 2257 1148 legeren-

214 1162 461 1235 turque,
533 1159 599 1217 in
671 1159 914 1218 modum
976 1160 1072 1218 vel
1135 1159 1385 1219 Homeri
1448 1161 1546 1220 vel
1608 1160 1914 1235 Euripidis
1988 1159 2257 1219 versibus

215 1248 420 1308 divisis
460 1248 646 1306 etiam
680 1248 746 1307 in
772 1248 1034 1308 Pindaro
1063 1249 1395 1324 ceterisque
1426 1267 1575 1324 opus
1604 1249 1737 1324 fuit,
1768 1252 2255 1326 occuparuntque

212 1337 588 1413 provinciam
643 1356 680 1395 a
732 1338 974 1396 musicis
1039 1337 1387 1396 derelictam
1451 1338 1829 1413 grammatici
1887 1337 2255 1414 metricique.

215 1425 330 1496 Qui
378 1445 502 1502 qua
548 1426 798 1485 scientia
843 1445 976 1485 eam
1013 1426 1585 1502 administraverint,
1631 1426 1756 1484 iam
1800 1427 2004 1501 paullo
2041 1426 2255 1485 melius

216 1534 401 1591 quam
455 1515 712 1574 antehac
766 1515 1099 1574 discernere
1159 1533 1500 1591 possumus3
1564 1534 1687 1574 non
1750 1516 1910 1574 enim
1974 1518 2065 1574 est
2127 1514 2260 1574 veri

216 1605 441 1680 simile,
486 1604 647 1663 inter
692 1622 826 1663 eam
872 1604 1226 1663 divisionem
1284 1623 1469 1680 quam
1514 1604 1949 1680 Aristophanes
1998 1637 2082 1645 —
2131 1603 2257 1662 sive

217 1694 372 1752 alius
429 1693 549 1752 fuit
608 1726 692 1734 ——
748 1694 813 1751 in
865 1692 1228 1768 Bacchylide
1283 1693 1554 1752 instituit
1608 1712 1859 1769 eamque
1907 1712 2089 1769 quam
2133 1693 2259 1751 iam

214 1783 404 1842 oculis
454 1783 746 1841 cernimus
792 1783 1156 1858 permultum
1201 1783 1505 1841 interesse.

389 1871 465 1929 In
520 1871 869 1931 universum
921 1871 1116 1949 igitur
1168 1871 1438 1930 videmus
1500 1872 1631 1931 cola
1686 1870 1762 1929 ab
1817 1870 1912 1929 his
1958 1889 2256 1947 gramma-

214 1959 349 2020 ticis
399 1960 731 2020 constituta.
774 1960 1037 2021 trimetri
1083 1959 1207 2021 sive
1262 1964 1603 2037 temporum
1647 1960 1854 2019 XVIII
1913 1978 2256 2019 mensuram

213 2069 334 2109 non
371 2050 670 2125 excedere,
717 2050 876 2110 sicut
920 2069 1040 2110 non
1077 2051 1329 2110 excessit
1372 2050 1527 2121 πούς
1571 2050 2068 2126 rhythmicorum3
2116 2068 2258 2108 nam

215 2139 286 2198 de
350 2139 656 2216 paeonicis
718 2158 912 2216 usque
978 2140 1055 2197 ad
1108 2140 1276 2197 XXV
1339 2142 1613 2215 tempora
1677 2139 1935 2198 extentis
1988 2158 2111 2198 non
2167 2142 2259 2198 est

217 2228 377 2303 quod
421 2228 521 2287 hic
558 2228 862 2287 disseram.
936 2229 1165 2287 Extant
1191 2233 1397 2288 tamen
1424 2231 1665 2304 praeter
1689 2228 1994 2288 trimetros
2023 2229 2260 2304 aliquot

214 2317 731 2393 hypercatalectos
777 2309 876 2398 (ut
919 2318 993 2393 V,
1041 2320 1145 2376 str.
1196 2321 1251 2378 9.
1301 2338 1391 2393 ep.
1445 2320 1500 2376 1.
1551 2309 1620 2397 3)
1677 2318 1862 2377 etiam
1917 2317 2257 2376 tetrametri

216 2406 418 2481 pauci:
474 2406 628 2465 VIII
684 2427 774 2482 ep.
835 2409 891 2464 2.
937 2406 1041 2481 IX,
1074 2409 1175 2466 10.
1230 2406 1392 2482 XIV,
1434 2408 1469 2465 6
1533 2397 1631 2487 (ut
1687 2408 1964 2466 omittam
2018 2425 2257 2466 carmen

215 2495 358 2553 XVI
402 2496 667 2554 numeris
713 2495 1082 2555 difficillimis
1121 2488 1457 2576 scriptum),
1497 2499 1560 2555 et
1592 2496 1658 2554 in
1695 2495 1940 2572 stropha
1978 2495 2258 2553 carminis

215 2584 333 2642 XII
386 2603 594 2644 versus
650 2588 851 2644 sextus
905 2585 1315 2662 septimusque
1376 2586 1558 2644 semel
1621 2586 1685 2643 in
1748 2605 1937 2643 unum
2002 2602 2259 2659 eumque

215 2675 637 2733 tetrametrum
700 2674 894 2733 coacti
957 2676 1123 2734 sunt:
1188 2700 2230 2729 ---------------
2242 2692 2259 2745 3

216 2761 362 2821 item
415 2763 482 2820 in
528 2762 793 2822 eiusdem
838 2764 1027 2839 epodo
1064 2765 1247 2823 semel
1292 2763 1508 2823 tertius
1557 2766 1958 2840 quartusque:
2006 2807 2042 2815 -
2079 2806 2113 2814 -
2148 2789 2186 2814 υ
2222 2805 2258 2815 ..

219 2880 760 2907 ........
797 2898 832 2907 -
867 2880 904 2906 υ
939 2880 975 2906 υ
1011 2898 1062 2910 -.
1144 2853 1438 2913 Poterant
1479 2854 1682 2911 autem
1726 2852 1789 2910 hi
1833 2850 2073 2926 utrique
2122 2868 2258 2908 con-

216 2939 389 3019 iungi
462 2941 789 3000 secundum
870 2941 1168 3000 rationem
1240 2961 1277 3000 a
1348 2942 1650 3001 Boeckhio
1725 2939 2054 2999 clarissimo
2126 2938 2258 2998 viro

219 3029 582 3089 institutam.
675 3029 901 3090 Contra
944 3030 1011 3088 in
1058 3031 1264 3091 eodem
1310 3031 1571 3089 carmine
1609 3029 1869 3088 trimetri
1904 3028 2258 3104 hypercata-

1357 3159 1364 3166 ο

399 3221 453 3283 1)
491 3215 604 3270 Diu
641 3219 729 3272 est
766 3234 835 3272 ex
871 3235 982 3286 quo
1011 3218 1119 3272 hoc
1193 3216 1545 3272 ronuntiavit
1571 3214 2061 3284 WilamowitziuS,
2100 3214 2261 3269 cuius

224 3288 507 3343 sententia
543 3288 887 3342 carminibus
915 3287 1133 3343 melicis
1194 3288 1351 3358 apidi
1383 3287 1594 3356 inciam,
1622 3290 1746 3342 tum
1784 3286 1999 3342 Orestis
2035 3286 2261 3369 Euripi-

224 3359 361 3414 deae
379 3359 701 3430 fragmento
734 3360 1033 3415 chartaceo
1060 3359 1365 3431 insigniter
1391 3359 1722 3414 confirmata
1749 3360 1850 3414 est.
1880 3357 1946 3413 V.
1979 3361 2052 3413 et.
2074 3357 2265 3413 Chnst

222 3429 384 3486 Pind.
423 3449 478 3500 p.
529 3430 660 3485 XIV
697 3449 778 3499 sq.
944 3434 1000 3502 2)
1037 3429 1147 3487 Cic.
1187 3432 1257 3485 de
1296 3448 1376 3488 or.
1412 3430 1508 3497 III,
1549 3435 1677 3485 185:
1715 3431 1846 3485 inde
1882 3430 1974 3484 ille
2012 3430 2265 3485 licentior

222 3508 272 3556 et
315 3503 545 3557 divitior
589 3503 757 3570 fluxit
801 3503 1199 3574 dithyrambuS,
1243 3504 1402 3557 cuius
1454 3502 1693 3556 membra
1738 3508 1790 3556 et
1824 3502 2015 3570 pedm,
2070 3508 2136 3555 ut
2180 3501 2264 3554 ait

224 3573 366 3627 idem
402 3572 887 3644 (Theophrastus),
923 3581 1055 3630 sunt
1089 3575 1154 3628 in
1189 3574 1344 3629 omni
1379 3572 1635 3641 locupleti
1670 3573 1917 3628 oratione
1952 3572 2178 3640 diffusa.
