2622 3960
949 185 1244 237 οΑΒΜΕΝ
1281 186 1347 239 x,
1387 183 1532 255 [XL]
2173 181 2255 247 87

535 348 665 410 σὺν
709 349 1055 434 πολυζήλῳ
1101 348 1382 428 βασιλεῖ.

443 462 665 528 νεῖκος
710 454 837 538 γὰρ
886 451 1335 536 ἀμαιμάκετον

276 574 348 623 65
443 561 734 645 βληχρᾶς
781 557 1110 624 ἀνέπαλτο
1155 568 1586 643 κασιγνητοῖς
1631 557 1740 623 ἀπ’
1797 503 2001 646 ἀρχᾶς

446 668 717 753 Προίτω
765 688 836 729 τε
879 664 992 731 καὶ
1029 662 1157 730 'Au'
1162 669 1386 754 ρισίω·

533 772 737 848 λαούς
782 795 853 836 τε
898 773 1351 856 διχοστασίαις

326 887 386 944 >
444 880 725 963 ἤρειπον
771 875 1251 964 ἀμετ’ροδίκοις
1295 879 1535 964 μάχαις
1580 902 1651 943 τε
1696 876 2012 965 λυγῘραῖς.

444 987 756 1049 λίσσοντο
807 980 882 1049 δὲ
930 986 1174 1061 παῖδας
1202 983 1529 1067 ’Ἀβαντος

284 1106 353 1155 70
534 1099 664 1173 γᾶν
708 1087 1152 1177 πολύκ’ριθον
1197 1094 1523 1176 λαχόντας

456 1200 765 1283 Τίρυνθα
809 1198 930 1262 τὸν
976 1195 1364 1284 ὁπ’λότερον
2070 1198 2166 1264 ἐπ.
2204 1197 2266 1282 β’

446 1308 709 1389 κτίζειν,
755 1303 919 1390 πρὶν
965 1303 1032 1382 ἐς
1079 1303 1415 1390 ἀργαλέαν
1459 1315 1689 1370 πεσεῖν
1735 1305 2061 1388 ἀνάγκαν·

453 1413 622 1490 Ζεύς
668 1409 722 1476 τ’
780 1415 1019 1478 ἔθελεν
1060 1413 1427 1498 Κρονίδας,

445 1530 658 1602 τιμῶν
702 1526 983 1584 Δαναοῦ
1030 1518 1271 1601 γενεὰν

283 1642 354 1692 75
446 1625 557 1690 καὶ
606 1623 999 1703 διωξίπποιο
1048 1624 1374 1713 Λυγκέος,

445 1741 697 1797 παῦσαι
744 1743 1090 1819 στυγερῶν
1136 1732 1370 1818 ἀχέων.

447 1849 664 1924 τεῖχος
712 1834 787 1903 δὲ
832 1836 1219 1917 Κύκ“λωπες
1264 1842 1482 1925 κάμον

545 1944 862 2024 ἐλθόντες
907 1946 1318 2033 ὑπερφίαλοι
1364 1952 1595 2035 κλεινᾷ
1646 1950 1838 2014 πόλει

447 2054 831 2137 κάλλιστον,
876 2052 963 2118 ἵν’
1020 2052 1329 2121 ἀντίθεοι

282 2176 356 2225 80
447 2170 646 2225 ναῖον
690 2161 940 2225 κλυτὸν
986 2162 1358 2244 ἱππόβοτον

429 2265 676 2353 ”Appos
720 2268 933 2352 ἥρωες
978 2265 1403 2354 περικ’λειτοὶ
1450 2270 1775 2346 λιπόντες.

449 2376 655 2438 ἔνθεν
700 2372 1152 2458 ἀπεσσύμεναι

540 2484 843 2567 Προίτου
890 2478 1455 2565 κυανοπΙλόκαμοι

540 2596 803 2671 φεῦγον
847 2584 1147 2672 ἅδ’ματοι
1192 2588 1562 2675 θύγατ“ρες.

284 2747 354 2796 85
449 2731 570 2795 τὸν
617 2727 676 2794 δ’
734 2721 913 2795 εἷλεν
958 2732 1117 2815 ἄχος
1162 2731 1470 2816 κραδίαν,
1517 2728 1645 2808 ξεί-
2034 2746 2171 2813 στρ.
2210 2725 2270 2811 γ’

538 2861 625 2902 να
669 2835 747 2901 τε’
786 2861 901 2901 νιν
944 2829 1191 2914 πλᾶξεν
1234 2836 1548 2923 μέριμνα·

451 2941 677 3021 δοίαξε
724 2939 800 3008 δὲ
847 2944 1200 3028 φάσγανον
1245 2945 1365 3028 ἅμ-

540 3074 748 3136 φακες
796 3048 869 3115 ἐν
916 3050 1254 3137 στέρνοισι
1299 3049 1517 3129 πᾶξαι.

449 3158 618 3224 ἀλλά
662 3182 775 3222 νιν
820 3159 1225 3244 αἰχμοφόροι

276 3282 347 3330 90
529 3265 821 3348 μύθοισί
861 3287 932 3328 τε
976 3268 1329 3349 μειλιχίοις

368 3428 436 3477 68
483 3440 693 3491 ηριπον
748 3438 885 3476 corr.
942 3421 1039 3489 K.
1101 3421 1200 3475 sed
1254 3424 1514 3491 praestat
1568 3419 1797 3489 ἤρεικον
1852 3420 2144 3491 (Housm..)
2201 3452 2270 3461 —

223 3499 293 3547 70
321 3491 583 3564 λαχόντα
609 3492 747 3546 wil.
768 3525 838 3533 --
861 3498 927 3547 79
956 3490 1161 3560 interp.
1189 3496 1322 3561 post
1357 3492 1506 3547 unm.
1537 3495 1689 3561 (non,
1719 3494 1785 3546 ut
1810 3491 1897 3561 K.
1934 3493 2066 3563 post
2092 3489 2276 3562 πόλει)

221 3566 295 3620 et.
333 3514 566 3620 Housm.
606 3563 817 3618 Funok.
859 3595 927 3604 —
966 3568 1034 3616 87
1075 3559 1298 3627 δοίαζεῖ
1337 3563 1509 3618 Platt.
