2622 3960
561 229 1002 280 FRAGMENTA
1037 229 1143 281 ΑΡ.
1182 230 1340 281 vET.
1381 229 1528 281 SCR.
1569 229 1909 301 SERVATA.
2130 228 2255 293 161

830 420 935 481 ΕΞ
971 423 1324 475 ΑΔΗΛῼΝ
1368 425 1644 478 ΕῙΔῼΝ.

1079 549 1402 634 22.[33]

543 671 750 738 ’Ἑστα
797 671 855 737 δ’
904 672 1011 738 ἐπὶ
1058 674 1295 739 λάϊνον
1342 674 1572 758 οὐδόν,

560 778 663 845 τοὶ
712 776 787 845 δὲ
832 784 1077 858 θοίνας
1124 784 1386 864 ἔντυον,
1434 776 1566 846 ὧδε
1613 779 1671 846 δ’
1721 785 1876 865 ἔφα·

562 887 945 971 Αὐτόματοι
994 885 1054 951 δ’
1103 887 1387 971 ἀγαθῶν

560 994 790 1071 δαῖτας
837 994 1172 1079 εὐόχθους
1219 994 1609 1081 ἐπέρχονται
1660 997 1908 1062 δίκαιοι

433 1117 468 1165 5
562 1111 793 1184 φῶτες.

1076 1190 1178 1255 23.
1234 1190 1397 1275 [34]

759 1316 842 1380 Οἱ
889 1311 1014 1400 μὲν
1059 1314 1344 1399 ἀδμᾶτες
1390 1315 1725 1380 ἀεικελιᾶν

752 1423 1023 1486 νούσων
1072 1420 1247 1487 εἰσὶν
1291 1420 1402 1487 καὶ
1451 1423 1704 1507 ἄνατοι,

754 1524 959 1593 οὐδὲν
1006 1528 1398 1615 ἀνθρώποις
1447 1533 1671 1594 ἴκελοι.

1073 1723 1398 1808 24.[36]

488 1852 807 1914 Θνατοῖσι
856 1847 914 1912 δ’
963 1849 1087 1914 οὐκ
1135 1848 1531 1935 αὐθαίρετοι

484 1953 622 2021 οὔτ’
670 1957 870 2040 ὄλβος
917 1954 1055 2022 οὔτ’
1105 1957 1489 2041 ἄγναμπτος
1517 1954 1720 2043 ’Ἀρης

483 2065 636 2128 οὔτε
681 2064 1115 2149 πάμφθερσις
1164 2066 1414 2147 στάσις,

355 2263 442 2310 22.
480 2255 685 2311 Athen.
715 2254 783 2323 V,
816 2256 1008 2311 178Β·
1048 2261 1108 2310 Β.
1147 2253 1211 2309 δὲ
1247 2257 1377 2324 περὶ
1406 2254 1748 2324 “Ηρακλέους
1784 2259 1932 2325 (περὶ
1968 2266 2067 2312 τοῦ
2098 2256 2250 2326 Κήυ-

205 2349 309 2392 κος
346 2328 424 2397 Α,
471 2343 608 2381 corr.
651 2326 988 2417 Schweigh.)
1026 2325 1226 2397 λέγων,
1274 2328 1350 2390 ὡς
1385 2321 1560 2396 ἦλθεν
1607 2327 1699 2381 ἐπὶ
1744 2328 1844 2383 τὸν
1888 2337 1988 2383 τοῦ
2026 2329 2253 2403 Κήϋκος

203 2396 389 2467 οἶκον,
437 2395 633 2468 φη·σίν
670 2394 846 2452 Ἔστα
891 2397 1000 2452 κτὲ.
1058 2430 1128 2438 --
1188 2403 1215 2451 1
1258 2397 1386 2452 ἔστα
1423 2398 1609 2454 Neue.
1658 2397 1798 2467 ἔστη.
1855 2430 1926 2440 -
1983 2405 2013 2452 2
2054 2396 2252 2456 ἔντυον

204 2472 396 2526 Neue:
436 2418 666 2524 ἔντυνον
701 2469 767 2523 A.
806 2501 878 2510 -
915 2468 986 2538 ἔφ
990 2490 1028 2523 α
1065 2468 1251 2524 Neue:
1291 2467 1478 2539 ἔφασ’.
1519 2502 1587 2510 ——
1628 2471 1697 2524 de
1734 2470 2016 2540 proverbii
2052 2470 2249 2526 formis

203 2542 433 2597 duabus
472 2540 540 2595 of.
576 2540 708 2595 Ath.
746 2540 891 2596 ibd.·
930 2542 1050 2595 αὐτ.
1090 2537 1146 2594 δ’
1183 2539 1256 2610 ἀγ
1259 2543 1401 2595 αθοὶ
1437 2542 1678 2630 ἀγαθῶν
1714 2540 1822 2596 κτὲ.
1864 2544 1923 2596 et
1959 2543 2079 2596 αὐτ.
2111 2542 2183 2612 ἀγ
2187 2563 2252 2595 α-

202 2615 311 2669 θοὶ
358 2615 556 2667 δειλῶν
601 2611 739 2680 κτὲ.;
791 2612 994 2667 Zenob.
1035 2611 1110 2679 Π,
1144 2616 1236 2666 19:
1294 2614 1416 2668 αὐτ.
1466 2609 1521 2667 δ’
1566 2612 1781 2683 ἀγαθοὶ
1828 2611 2068 2682 ἀγαθῶν
2114 2613 2249 2703 πετὲ]

202 2683 384 2746 οὕτως
429 2682 459 2738 ὁ
499 2681 846 2754 Βακχυλίδης
882 2683 1045 2753 (ng.
1086 2699 1154 2738 ex
1192 2684 1314 2738 cod.
1354 2682 1561 2738 Milleri
1599 2684 1755 2738 Miso.
1795 2688 1901 2738 350
1945 2701 2046 2753 pro
2076 2681 2249 2753 Ηρά-

204 2758 443 2826 κλειτος)
487 2753 756 2825 ἐχρήσατο
803 2762 870 2825 τῇ
917 2751 1219 2829 παροιμίᾳ,
1278 2756 1355 2818 ὡς
1391 2752 1731 2846 Ηρακλέους
1780 2754 2251 2824 ἐπιφοιτήσαντος

201 2827 301 2882 ἐπὶ
337 2826 441 2895 τὴν
477 2823 666 2881 οἰκίαν
703 2825 928 2893 Κήυκος
962 2835 1061 2881 τοῦ
1105 2810 1415 2897 Τραχινίου
1450 2828 1550 2881 καὶ
1587 2824 1761 2889 ουτως
1798 2824 2067 2889 εἰπόντος.

352 2903 437 2951 23.
478 2896 648 2951 Clem.
689 2896 776 2951 AJ.
817 2896 1016 2951 Strom.
1046 2897 1114 2964 V,
1148 2902 1278 2953 715:
1318 2898 1644 2966 ἀκούσωμεν
1682 2894 1787 2952 οὖν
1822 2895 1993 2952 παλιν
2031 2902 2249 2967 Βακχυ-

202 2968 369 3024 λίδου
405 2976 505 3023 τοῦ
544 2971 844 3038 μελοποιοῦ
882 2970 1011 3036 περὶ
1038 2977 1137 3023 τοῦ
1167 2966 1336 3023 θείου
1363 2966 1423 3023 λέ
1424 2988 1643 3039 γ·οντος
1688 2969 1762 3023 Οἱ
1790 2967 1899 3023 κτὲ.
1930 2968 2013 3037 (it.
2043 2968 2248 3023 Euseb.

202 3041 405 3111 Praep.
446 3056 532 3094 eu.
569 3040 723 3109 XIII,
764 3041 905 3108 679).
955 3071 1022 3079 —
1071 3041 1148 3093 ἀδ
1149 3047 1318 3108 μᾶτες
1352 3040 1607 3095 Boeckh:
1653 3039 1731 3093 ἀὸ
1731 3048 1912 3110 μ.ῆτες
1951 3071 2022 3079 -
2070 3037 2250 3093 ἀεικε-

201 3115 334 3167 λιᾶν
381 3110 566 3166 Neue:
623 3112 714 3165 ἀεὶ
760 3111 858 3164 καὶ
904 3108 1031 3166 λίαν
1079 3109 1531 3200 01.,ἀεικελίων
1576 3111 1781 3165 Euseb.
1841 3142 1907 3151 —
1967 3115 1998 3163 2
2048 3109 2249 3164 ἀνατοι

207 3182 499 3238 Sohaefer:
550 3180 797 3238 ἀναίτιοι
843 3180 1067 3252 (ἄνατοι
1104 3178 1155 3234 τ’
1201 3181 1390 3237 deleto
1438 3183 1579 3247 εἰσὶν
1614 3181 1815 3252 Neue).
1892 3181 2021 3236 Εἰσὶ
2068 3178 2250 3236 νόσων

200 3256 303 3310 καὶ
340 3253 543 3309 ἅνατοι
578 3255 687 3308 Ber
726 3253 781 3308 k.
823 3284 891 3293 -
931 3259 962 3306 3
1003 3252 1204 3307 εἴκελοι
1241 3252 1446 3308 Euseb.

352 3329 439 3379 24.
488 3325 643 3380 Stob.
733 3324 800 3379 cl.
839 3324 1008 3394 Phys.
1047 3325 1098 3392 Ι,
1139 3329 1200 3392 5,
1244 3330 1303 3379 3:
1362 3322 1729 3416 Βακγυλίὸου.
1789 3356 1857 3365 -
1916 3330 1943 3376 1
1984 3327 2249 3378 θνατοῖσι

203 3397 392 3452 Neue:
440 3399 488 3450 θ
488 3405 692 3466 νη.τοῖς
747 3428 813 3437 -
867 3401 898 3449 2
925 3343 1001 3450 ὄλ
1040 3415 1103 3457 ος
1138 3395 1207 3451 F:
1257 3394 1421 3467 ὄλβος
1455 3417 1486 3450 τ
1550 3396 1611 3450 Ρ.
1660 3427 1728 3436 -
1776 3395 2102 3486 ἄγναμπτος
2146 3394 2250 3448 ali-

205 3468 436 3560 quando
474 3467 520 3520 Β
522 3467 636 3537 8.,1ῑ
688 3467 755 3522 cf.
804 3484 956 3521 nunc
1132 3472 1272 3535 ‚273
1326 3466 1439 3522 ἄκα
1441 3486 1630 3536 μ.πτος
1689 3499 1758 3508 -
1816 3473 1847 3520 3
1886 3464 2251 3535 παμφθερσις

205 3485 562 3609 (σιεανφερσις8
566 3538 633 3608 Ρ)
671 3537 874 3593 adiect.
913 3555 1039 3608 gen.
1069 3537 1199 3592 fem.
1230 3555 1299 3593 ex
1331 3537 1654 3609 compositis
1693 3538 1861 3607 quale
1897 3541 1983 3593 est
2012 3541 2248 3607 φθερσι-

204 3610 372 3682 γενής
407 3609 712 3664 formatum
747 3609 857 3664 vid.

312 3709 661 3749 BAoomrmns
690 3709 758 3749 od.
785 3709 826 3749 B
836 3709 855 3748 1
866 3720 893 3750 a
906 3721 926 3751 s
939 3721 972 3751 s.
1859 3706 1886 3753 1
1896 3705 1923 3753 1
