2622 3960
1073 191 1503 248 PRAEFATIO.
2246 196 2298 250 V

265 359 384 418 loci
440 378 633 435 neque
690 359 922 437 generis
980 360 1057 419 ad
1113 361 1382 420 ordinem
1437 360 1922 433 constituendum
1966 363 2095 422 ulla
2137 364 2295 424 ratio

259 447 535 509 habetur.
629 447 746 506 Sed
793 451 967 508 acute
1007 454 1067 509 et
1104 450 1379 512 sollerter
1403 450 1733 511 Britannus
1772 452 1966 512 editor
2002 457 2295 513 monstra·

261 537 354 596 vit
401 540 462 596 et
496 538 758 613 primum
797 556 1035 596 carmen
1074 538 1236 614 quod
1272 558 1433 598 nunc
1471 543 1562 599 est
1598 558 1735 598 cum
1761 540 1994 600 ratione
2034 543 2296 618 quadam

261 626 526 702 primum
581 628 780 686 locum
833 630 1064 702 tenere,
1138 629 1374 703 patriae
1442 629 1599 686 enim
1661 629 1893 688 insulae
1960 629 2063 689 Cei
2115 633 2297 706 poeta

271 715 670 790 antiquitates
728 734 931 775 omnes
987 736 1055 776 eo
1113 717 1374 776 carmine
1430 717 1749 795 diligenter
1792 723 2141 794 persecutus
2190 724 2296 796 est,

269 808 330 863 et
375 804 662 863 ultimum
719 804 880 880 quod
934 824 1094 863 nunc
1150 809 1242 864 est
1294 825 1416 865 non
1461 807 1759 867 immerito
1804 808 1868 866 in
1915 828 2052 866 011111
2097 809 2296 872 10011111

262 911 388 952 0550
437 894 773 967 detrusum3
820 895 1016 954 solum
1063 894 1220 953 enim
1264 895 1582 959 victoriam
1628 896 1889 955 celebrat
1934 916 2054 955 non
2111 896 2293 957 sacris

258 982 421 1040 ludis
488 983 594 1057 qui
656 983 1027 1042 vocabantur
1100 987 1366 1060 partam,
1442 984 1545 1043 sed
1606 984 1874 1044 Petraeis
1940 985 2295 1045 Thessalicis

261 1072 457 1130 adhuc
511 1072 689 1147 plane
744 1072 983 1149 ignotis.
1074 1073 1326 1130 Fuerint
1381 1073 1573 1150 igitur
1624 1094 1744 1134 non
1789 1076 1927 1150 plus
1972 1074 2122 1132 XIII
2168 1094 2293 1134 car-

257 1160 424 1218 mina
436 1152 516 1241 1),
566 1160 671 1235 qui
716 1163 806 1219 est
851 1179 1137 1219 numerus
1184 1159 1635 1238 Olympicorum
1670 1162 1943 1239 Pindari,
1988 1164 2085 1222 vel
2132 1163 2183 1228 si
2228 1164 2291 1221 in

259 1251 479 1308 lacuna
509 1267 692 1324 quam
710 1249 833 1307 dixi
860 1252 1061 1308 totum
1088 1269 1326 1309 carmen
1353 1251 1677 1326 intercidit,
1696 1252 1948 1311 fortasse
1979 1256 2294 1328 quattuor-

262 1339 470 1398 decim.
563 1338 613 1396 E
652 1339 1005 1416 fragmentis
1045 1341 1266 1415 autem,
1306 1359 1461 1415 quae
1501 1360 1571 1397 ex
1613 1340 1881 1415 epiniciis
1917 1341 2296 1417 Bacchylidis

257 1427 616 1488 nominatim
664 1428 1012 1503 afferuntur,
1068 1427 1187 1488 duo
1234 1429 1297 1486 in
1359 1429 1567 1488 charta
1612 1432 1853 1505 reperta
1899 1432 2057 1505 sunt,
2103 1449 2294 1488 unum

257 1520 452 1575 restat
497 1512 771 1587 1100111119ἱ
819 1510 875 1574 δ’
925 1514 1080 1590 ἅπαξ
1129 1516 1338 1595 εἰπεῖν,
1384 1514 1575 1596 φρένα
1620 1516 1721 1577 καὶ
1767 1516 2028 1577 πυκινὰν
2082 1516 2293 1619 κέρδος

256 1603 603 1685 ἀνθρώπων
659 1607 891 1684 βιᾶται,
951 1605 1113 1682 (111οᾶ
1158 1607 1467 1682 respuitur
1511 1608 1774 1666 numeris
1820 1608 2036 1667 horum
2082 1607 2293 1665 carmi-

258 1714 434 1770 num,
498 1698 797 1795 quatenus
844 1714 944 1754 005
991 1696 1262 1772 cognitos
1309 1696 1783 1772 110110111115,50(1
1836 1696 2040 1772 potuit
2093 1697 2296 1772 10011111

256 1783 479 1842 habere
517 1784 580 1842 in
610 1802 656 1842 c.
686 1784 773 1842 XI
810 1784 1019 1860 aliqua
1057 1785 1265 1860 epodo,
1304 1786 1529 1861 quippe
1569 1804 1828 1861 quarum
1855 1785 2088 1849 numeri
2125 1785 2292 1862 igno-

259 1875 489 1931 rentur.
589 1873 729 1933 Non
792 1873 984 1950 igitur
1048 1878 1138 1932 est
1204 1893 1310 1932 cur
1364 1875 1541 1950 plura
1595 1874 1973 1950 Bacchylidis
2038 1874 2294 1950 epinicia

260 1962 672 2021 Alexandrina
718 1966 918 2022 aetate
975 1963 1271 2023 exstitisse
1317 1968 1613 2040 putemus,
1704 1964 1870 2023 Haec
1907 1967 2112 2024 autem
2147 1963 2296 2022 XIH

260 2053 361 2111 vel
405 2053 549 2110 XIV
597 2053 900 2112 commode
957 2053 1420 2112 continebantur
1476 2073 1597 2113 uno
1644 2054 1964 2129 volumine,
2010 2072 2294 2113 versuum

254 2142 382 2200 fere
421 2141 584 2200 mille
623 2141 1038 2215 ducentorum3
1077 2145 1174 2200 tot
1210 2142 1369 2200 enim
1406 2142 1589 2201 fuisse
1619 2144 2066 2219 computantur,
2106 2143 2156 2200 si
2183 2162 2293 2201 un-

258 2231 487 2289 decimo
533 2231 836 2305 tertioque
875 2230 1101 2290 decimo
1139 2232 1453 2308 sexaginta
1479 2232 1603 2290 fere
1643 2232 1955 2291 addideris.
2046 2231 2295 2290 Pindari

253 2319 396 2378 libri
431 2323 554 2381 tres
590 2319 819 2395 priores
859 2352 942 2359 --
982 2323 1237 2395 quartus
1275 2320 1433 2378 enim
1473 2323 1737 2379 extrema
1773 2325 1946 2397 parte
1974 2324 2292 2379 truncatus

257 2412 350 2468 est
379 2442 464 2449 —-
492 2426 685 2485 115(1110
726 2408 801 2465 ad
835 2409 1108 2468 millenos
1145 2427 1414 2468 sescenos
1451 2410 1588 2485 plus
1625 2411 1823 2469 minus
1862 2410 2292 2482 extenduntur3

258 2498 364 2556 sed
402 2498 586 2557 etiam
621 2497 785 2555 mille
825 2498 1112 2557 ducentos
1150 2498 1258 2556 uni
1285 2498 1579 2557 volumini
1604 2499 1750 2557 satis
1779 2518 2078 2575 superque
2107 2499 2292 2556 fuisse

260 2605 292 2644 e
337 2587 520 2645 Birtii
574 2587 726 2646 libro
774 2587 1084 2646 notissimo
1132 2588 1307 2646 facile
1366 2606 1695 2665 cognosces
1798 2588 1929 2646 Iam
1982 2588 2292 2645 videamus

256 2676 504 2736 tertiam
547 2676 925 2751 Bacchylidis
972 2679 1233 2752 partem,
1289 2676 1353 2734 in
1412 2695 1533 2752 qua
1587 2677 1794 2735 insunt
1849 2676 2114 2735 carmina
2174 2694 2293 2750 sex,

257 2783 544 2824 versuum
598 2770 670 2823 ut
724 2765 965 2824 videtur
1017 2765 1215 2823 minus
1275 2765 1826 2842 quadrigentorum.
1930 2764 2182 2841 Singula
2228 2764 2292 2821 in

256 2873 485 2913 morem
521 2854 971 2932 tragoediarum
1007 2855 1252 2915 nomina
1287 2855 1554 2930 mythica
1590 2854 1838 2912 habent:
1879 2846 2294 2932 Ἀντηνορίὸαι

256 2938 298 3020 ἢ
337 2938 583 3019 Ἑλένης
629 2940 962 3019 ἀπαίτησις,
1001 2939 1320 3023 ζΗφροικλαῆς,
1349 2939 1592 3003 ’Ἠιθεοι
1635 2940 1674 3021 ἢ
1726 2941 1987 3021 Θησεύς,
2037 2941 2291 3019 Θησεύς,

247 3024 365 3109 Tus,
377 3027 560 3103 Ἴδας.
606 3032 788 3094 Patet
813 3033 1007 3107 primo
1039 3033 1260 3093 obtutu
1288 3052 1320 3091 e
1350 3033 1693 3091 litterarum
1722 3032 1926 3091 ordine
1956 3049 2082 3090 esse
2110 3031 2290 3090 collo-

256 3124 412 3196 cata,
450 3124 805 3197 partemque
845 3121 1213 3181 collectionis
1254 3141 1408 3197 quae
1437 3122 1607 3181 nobis
1637 3125 1875 3180 servata
1905 3124 1996 3179 est
2023 3140 2059 3179 a
2085 3120 2295 3179 littera

256 3213 318 3269 A
364 3211 463 3269 vel
506 3212 565 3268 Ε
609 3229 799 3285 115(1110
848 3210 925 3268 ad
962 3212 1002 3268 I
1031 3211 1348 3287 pertinere,
1395 3211 1676 3268 mutilam
1714 3229 1839 3269 0550
1879 3209 2038 3286 (111οᾶ
2075 3210 2294 3268 attinet

442 3434 493 3502 1)
529 3432 766 3514 Numeri
802 3431 915 3486 mei
942 3432 1076 3488 inde
1106 3434 1179 3487 ab
1207 3433 1353 3487 Vm.
1387 3450 1423 3487 a
1448 3433 1734 3502 Kenyonis
1764 3432 2054 3499 differunt3
2090 3447 2289 3501 nempe

254 3503 578 3584 fragmenta
598 3503 908 3557 carminum
925 3521 1072 3572 quae
1093 3504 1246 3575 apud
1265 3504 1428 3557 illum
1445 3520 1706 3557 numeros
1724 3504 1829 3556 VH
1848 3506 1906 3557 et
1924 3475 2054 3557 Vm’
2077 3503 2294 3556 habent

252 3573 316 3627 in
353 3592 528 3629 unum
566 3591 790 3629 carmen
828 3575 2143 3631 contraxi..
2179 3626 2184 3631 .
