2622 3960
1026 198 1460 254 PRAEFATIO.
2085 203 2263 256 XLIX

218 368 327 449 (Π,
354 359 444 449 8),
472 368 803 444 nympham
832 370 1035 426 autem
1063 368 1398 444 appellavit
1426 366 1741 446 Δεξιθέαν,
1769 370 1807 428 i.
1830 390 1879 429 e.
1901 390 2058 447 quae
2078 371 2257 430 deum

221 457 455 533 excepit
508 456 797 532 hospitiO,
853 476 974 515 non
1026 456 1338 515 Dexionen
1393 459 1490 518 vel
1536 457 1900 535 Dexithoen,
1947 463 2261 536 praeterea

220 549 289 605 ut
333 546 577 606 videtur
622 564 886 605 sororem
932 546 1059 605 eius
1106 546 1377 621 aliquam
1416 592 1428 604 .
1469 545 1753 628 ,σαγόραν
1810 543 1867 625 (Ι
1913 568 1950 607 a
2000 552 2054 607 1.
2083 548 2123 607 b
2170 542 2260 629 4),

222 636 539 694 Telchinas
596 638 824 709 autem,
898 634 948 692 si
1013 638 1106 693 est
1161 635 1409 694 Tzetzae
1469 636 1635 696 locus
1692 632 1772 714 (v.
1828 638 1941 714 fig.
2003 630 2113 718 52)
2181 637 2259 696 ad
2334 632 2336 634 ’

186 725 331 784 'hoc
397 743 639 783 carmen
699 723 1072 799 referendus,
1136 725 1433 782 Actaeum
1485 725 1882 802 Megalesium
1938 723 2264 784 Ormenum

218 815 470 890 Lycum.
563 812 619 871 A
682 812 907 871 fabulis
972 769 1175 871 autem
1231 805 1332 894 (de
1399 813 1620 888 quibus
1685 815 2042 873 conferenda
2107 834 2262 890 quae

218 922 405 979 supra
435 901 688 960 disserui
706 921 761 976 p.
783 893 982 982 XXII)
1004 901 1396 977 Bacchylides
1426 902 1502 960 ad
1520 902 1853 962 victorem
1836 923 2038 979 1psum
2066 903 2262 962 denuo

216 993 386 1050 venit
441 992 788 1066 multusque
844 994 936 1049 est
979 990 1043 1048 in
1086 990 1279 1066 patris
1324 990 1660 1050 Panthidae
1705 992 1830 1050 iam
1882 993 2011 1051 fato
2066 993 2263 1052 functi

216 1080 523 1139 laudibus,
632 1079 906 1155 Denique
978 1080 1266 1137 ultimum
1320 1082 1605 1155 systema
1677 1082 1874 1139 totum
1948 1082 2262 1141 sententiis
2341 1151 2345 1156 .

217 1168 603 1247 generalibus
649 1168 859 1226 datum
905 1170 1012 1243 est,
1060 1168 1275 1243 quibus
1324 1170 1385 1226 et
1430 1168 1782 1228 divitiarum
1820 1170 2085 1229 studium
2129 1190 2260 1246 per—

223 1258 545 1335 stringitur
609 1260 669 1316 et
732 1257 1047 1316 mediocris
1110 1257 1274 1317 vitae
1342 1276 1468 1316 sors
1532 1258 1820 1316 laudatur
1884 1262 1945 1317 et
2015 1259 2260 1317 virtutis

217 1347 493 1424 praemia
549 1346 911 1422 sempiterna
965 1349 1404 1418 monstrantur3
1469 1349 1629 1404 recte
1684 1346 1895 1422 igitur,
1962 1349 2032 1404 ut
2095 1351 2262 1422 puto,

218 1437 498 1513 princeps
555 1436 748 1494 editor
800 1435 988 1510 ipsius
1042 1435 1286 1494 victoris
1350 1435 1623 1493 fortunas
1687 1434 1892 1509 paullo
1957 1436 2261 1494 tenuiores

220 1526 411 1584 fuisse
459 1524 729 1585 coniecit.

398 1614 480 1671 H.
544 1613 658 1672 Est
711 1632 950 1672 carmen
1007 1611 1109 1671 Cei
1165 1614 1477 1670 cantatum
1531 1612 1740 1670 statim
1784 1614 1923 1688 post
1981 1613 2263 1672 nuntium

218 1702 530 1778 victoriae,
577 1704 855 1761 constans
900 1720 1022 1761 uno
1070 1703 1394 1776 systemate
1432 1701 1800 1761 brevissimo.
1882 1702 2099 1760 Paullo
2138 1721 2262 1761 rec—

218 1792 343 1851 tius
391 1792 554 1851 enim
601 1810 783 1867 quam
826 1791 1103 1866 princeps
1150 1790 1345 1848 editor
1379 1790 1445 1847 L.
1483 1791 1632 1851 Levi
1680 1793 1741 1849 et
1775 1790 1850 1848 N.
1888 1791 2069 1850 Festa
2114 1791 2263 1849 mihi

220 1901 467 1940 versum
521 1880 784 1957 primum
841 1879 1176 1938 restituisse
1243 1879 1538 1938 videntur.
1644 1878 2000 1938 Conferatur
2062 1883 2265 1939 autem

219 1991 466 2030 carmen
511 1969 614 2028 VI.

403 2060 515 2118 ΠΙ.
581 2059 674 2117 Ex
727 2057 923 2117 tribus
980 2057 1342 2116 carminibus
1387 2057 1639 2117 Hieroni
1686 2056 2065 2133 Syracusano
2123 2058 2263 2117 scri·

222 2150 346 2226 ptis
396 2140 693 2229 (HI—V)
733 2147 1114 2224 grammatici
1158 2149 1428 2222 tempore
1473 2146 1867 2205 novissimum
1900 2148 2094 2223 primo
2132 2148 2264 2206 loeo

222 2240 582 2314 posuerunt,
638 2237 925 2294 nimirum
981 2235 1125 2311 quia
1173 2233 1528 2311 Olympiaca
1574 2235 1828 2295 victoria
1884 2236 2109 2295 curulis
2154 2237 2267 2295 hoc

224 2327 583 2401 celebratur,
628 2325 887 2400 Pythica
935 2327 1170 2401 quart0,
1218 2322 1576 2399 Olympiaca
1622 2343 1773 2399 equo
1819 2327 1997 2400 parta
2036 2324 2265 2426 quinto,

229 2415 467 2475 Curulis
498 2412 896 2490 Olympiaca'
879 2434 944 2471 m
981 2414 1056 2474 ol.
1086 2412 1400 2470 LXXVIII
1430 2404 1618 2494 (468)
1647 2413 1859 2472 incidit
1871 2404 1948 2494 ¹)3
1996 2415 2265 2488 proximo

223 2523 385 2563 anno
433 2524 537 2563 rex
584 2503 865 2562 diuturno
912 2501 1120 2562 morbo
1158 2501 1377 2560 calculi
1423 2501 1795 2561 conflictatus
1840 2505 2112 2561 mortuus
2159 2505 2265 2561 est.

228 2592 557 2652 Cantatum
612 2595 704 2651 est
757 2611 1022 2667 carmen,
1076 2594 1150 2650 ut
1203 2590 1484 2667 equidem
1527 2594 1704 2667 puto,
1763 2589 2075 2666 Syracusis
2124 2582 2266 2671 (etsi

227 2682 483 2759 Delphis
556 2684 737 2757 putat
806 2681 1138 2739 Britannus
1211 2672 1461 2761 editor),
1538 2699 1690 2756 quae
1764 2680 1924 2738 enim
1986 2680 2271 2756 leguntur

224 2793 281 2831 v.
343 2773 424 2830 15
485 2790 573 2858 sq,
637 2770 709 2829 de
775 2769 1080 2829 sacrificiis
1139 2769 1203 2827 in
1268 2770 1514 2828 deorum
1577 2769 1734 2827 fanis
1799 2768 2017 2827 oblatis
2074 2767 2265 2843 deque

224 2860 484 2937 publicis
532 2851 820 2920 conviviis
865 2878 974 2934 per
1017 2858 1148 2918 vias
1195 2857 1509 2917 celebratis
1553 2877 1749 2933 neque
1798 2857 1876 2916 ad
1923 2854 2271 2932 Olympiam

224 2950 442 3008 referri
486 2967 660 3024 posse
705 2948 988 3007 videntur
1031 2967 1226 3023 neque
1274 2946 1352 3006 ad
1395 2946 1690 3021 Delphos,
1737 2946 1815 3004 ad
1861 2963 2010 3021 quos
2056 2947 2269 3021 postea

229 3038 470 3096 demum
519 3030 629 3118 (19
681 3030 838 3119 sqq.)
886 3038 1067 3112 poeta
1110 3037 1349 3112 transit,
1395 3056 1584 3094 unum
1629 3034 1929 3110 Apollinis
1974 3035 2269 3110 templum

228 3127 450 3186 diserte
496 3126 783 3185 indicans.
875 3126 1087 3201 Neque
1124 3145 1266 3185 vero
1306 3128 1438 3183 erat
1474 3143 1581 3183 cur
1615 3143 1724 3200 per
1767 3124 1943 3182 huius
1980 3123 2268 3182 victoriae

230 3216 603 3275 occasionem
646 3215 938 3292 Delphico
997 3215 1378 3290 potissimum
1434 3213 1543 3272 deo
1596 3213 1828 3271 hostiae
1889 3213 2266 3271 immolaren-

228 3307 358 3380 tur,
415 3323 569 3381 quae
624 3307 865 3380 praeter
918 3304 1123 3362 Iovem
1166 3301 1517 3379 Olympium
1572 3301 1929 3359 deberentur
1983 3300 2075 3360 dis
2131 3302 2268 3360 dea-

142 3449 149 3455 .
228 3392 462 3471 busque
508 3393 697 3468 ipsius
735 3393 935 3470 regiae
972 3393 1155 3452 urbis.
1230 3391 1513 3450 Adfuisse
1552 3392 1758 3448 autem
1793 3393 2036 3465 poetam
2070 3390 2271 3466 ipsum

415 3582 467 3651 1)
506 3580 574 3635 V.
615 3581 786 3636 schol.
826 3580 989 3635 Pind.
1031 3579 1114 3635 Ol.
1153 3581 1194 3634 I.
1234 3579 1399 3633 inser.

338 3680 685 3721 BAoomrunns
705 3681 774 3721 ed.
796 3681 835 3720 B
847 3682 866 3720 1
877 3693 903 3720 ει
914 3693 935 3721 s
948 3692 980 3721 a.
1801 3665 1838 3719 d
