2622 3960
1054 136 1484 192 PRAEFATIO.
2074 140 2280 195 XXXV

247 298 593 382 ἀνθρώπων
628 301 1042 380 πολυζήλωτον
1089 302 1284 382 ἔμμεν.
1378 306 1592 382 Itaque
1640 306 1758 366 nisi
1803 309 2143 384 corruptela
2189 312 2281 369 est

241 391 307 452 in
379 394 483 451 str.
550 385 636 469 α’,
699 393 854 452 hanc
894 394 1210 453 <habemus
1281 395 1562 453 formam:
1636 441 1669 450 -
1715 422 1753 449 υ
1796 410 1868 450 -ι
1897 441 1911 466 ,
1956 415 1994 449 2
2037 424 2075 450 υ
2118 444 2153 451 -
2198 444 2234 452 ..
2268 443 2281 467 ,

418 524 811 633 De'dimffis
836 571 1151 645 hactenus;
1196 570 1548 631 Pindaricas
1576 572 1736 630 enim
1760 573 2025 648 reliquas
2053 574 2278 633 formas

240 658 351 718 hoc
414 659 549 719 loco
610 659 857 734 exsequi
914 660 1065 719 nihil
1132 679 1279 735 opus
1336 664 1443 720 est.
1545 661 1978 721 Trimetrorum
2034 681 2278 722 consen-

242 749 491 806 taneum
511 751 604 807 est
619 748 811 808 multo
830 749 1037 824 plures
1054 749 1278 808 formas
1299 768 1442 825 esse,
1473 750 1576 808 sed
1592 751 1949 827 praecipuae
1968 751 2081 810 hae
2110 754 2276 810 sunt:
2393 807 2398 813 .

242 839 2271 997 {-3..U---UU-..UU-{-)‚(-)-UU-UU--.-U-(-)‚

414 1013 668 1072 Utinam
697 1014 1019 1090 aliquando
1050 1014 1246 1075 dicere
1264 1015 1560 1090 possimus
1579 1015 1651 1074 de
1672 1015 1966 1095 enhopliis
1984 1018 2274 1077 numeris:

238 1110 477 1182 σφῦραν
533 1099 800 1181 ἐξέβαλεν
856 1102 1221 1182 προκόπταςῑ
1309 1104 1470 1162 Nam
1523 1103 1870 1164 incredibile
1940 1109 2034 1169 οφ
2094 1106 2274 1183 dictu,

243 1194 612 1267 quantopere
657 1192 722 1250 in
770 1192 854 1250 eis
899 1192 1296 1268 procudendis
1344 1192 1692 1251 collidendis
1736 1193 1855 1252 viri
1905 1195 2088 1252 multi
2140 1195 2273 1257 doc-

238 1280 458 1339 tissimi
523 1280 1037 1357 sollertissimique
1109 1281 1555 1356 desudaverint,
1629 1281 1772 1338 dum
1833 1284 1930 1340 vel
2003 1282 2274 1358 dactylos

237 1370 666 1445 trochaeosque
729 1369 889 1428 inter
952 1388 1012 1428 se
1078 1387 1408 1444 exaequare
1482 1369 1747 1445 student,
1820 1372 1918 1429 vel
1981 1372 2272 1447 tripodias

237 1458 657 1534 dipodiasque,
713 1459 811 1517 vel
868 1458 1122 1533 denique
1178 1458 1463 1517 dimetros
1519 1461 1581 1517 et
1623 1458 1954 1534 trimetros,
2011 1460 2158 1520 adeo
2204 1464 2274 1519 ut

237 1547 464 1606 fuerint
513 1547 619 1622 qui
663 1547 1045 1622 perhiberent
1086 1547 1152 1604 in
1196 1546 1513 1606 Pindarico
1559 1547 1696 1606 hoc:
1756 1547 2151 1628 Τυνδαρίδαις
2211 1570 2269 1608 τε

234 1635 593 1713 φιλοξείνοις
655 1633 770 1694 xvi.
833 1655 1017 1694 unam
1072 1634 1367 1711 syllabam
1431 1639 1557 1695 -λο-
1621 1635 1874 1695 totidem
1933 1640 2272 1713 temporum

235 1744 358 1784 esse
426 1726 577 1801 quot
641 1742 741 1782 sex
805 1724 1069 1799 syllabas
1135 1725 1568 1783 antecedentes
1659 1725 1795 1784 Etsi
1845 1726 1975 1801 ipse
2030 1745 2269 1803 quoque

232 1833 351 1872 non
397 1832 553 1890 nego
598 1814 879 1872 malleolo
927 1813 1131 1889 aliquo
1176 1813 1241 1871 in
1285 1814 1379 1872 his
1424 1814 1686 1873 numeris
1734 1833 1883 1890 opus
1931 1834 2083 1888 esse3
2128 1835 2269 1874 nam

235 1902 287 1961 si
329 1902 542 1962 breves
589 1921 791 1961 omnes
837 1904 978 1961 sunt
1015 1903 1387 1979 singulorum
1422 1904 1776 1980 temporum,
1812 1904 2029 1982 longae
2066 1908 2269 1964 autem

229 1992 524 2067 binorum,
570 1991 751 2067 pedes
797 1992 1054 2051 existent
1096 1992 1271 2051 modo
1321 2011 1611 2069 senorum,
1661 2012 1813 2069 quae
1861 1997 1953 2053 est
1995 1994 2268 2071 legitima

233 2100 537 2157 mensura,
592 2081 767 2140 modo
827 2081 1143 2157 quinorum
1200 2074 1226 2162 (
1262 2110 1299 2135 υ
1335 2128 1370 2135 -
1405 2109 1442 2135 o
1477 2109 1513 2135 υ
1551 2078 1601 2160 ),
1658 2082 1835 2142 modo
1883 2086 2267 2159 septenorum

233 2162 259 2251 (
294 2216 329 2225 ..
366 2197 405 2224 υ
442 2216 477 2223 -
513 2215 549 2223 -
595 2171 691 2229 vel
736 2216 771 2223 -
808 2216 844 2224 ..
879 2197 917 2223 υ
951 2216 985 2224 -
1023 2162 1066 2251 ).
1162 2169 1280 2228 Sed
1337 2174 1680 2229 succurrent
1731 2167 1956 2251 ἄλογοι,
2003 2171 2157 2232 sicut
2199 2173 2265 2230 in

227 2258 486 2318 iambico
542 2258 961 2334 trochaicoque
1017 2278 1258 2335 genere,
1319 2277 1571 2334 quarum
1624 2262 1841 2319 natura
1897 2264 2077 2336 atque
2123 2279 2265 2320 usus

229 2348 484 2407 fortasse
532 2347 854 2423 aliquando
901 2347 1094 2425 magis
1139 2345 1374 2423 patebit
1420 2367 1600 2424 quam
1636 2348 1828 2407 adhuc
1863 2352 2047 2424 patet.
2114 2350 2266 2408 Mihi

229 2440 432 2496 autem
485 2455 645 2495 nunc
699 2455 819 2495 non
875 2455 975 2495 eas
1028 2455 1123 2495 res
1180 2436 1553 2496 extricandas
1610 2456 1734 2496 esse
1790 2437 1968 2512 duco,
2031 2439 2133 2497 sed
2190 2439 2262 2496 de

226 2526 339 2585 hoc
383 2529 566 2602 poeta
610 2525 1031 2600 disserendum,
1079 2525 1247 2584 cuius
1292 2526 1550 2585 vidimus
1597 2525 1901 2602 quandam
1954 2526 2262 2585 licentiam

226 2614 292 2672 in
354 2615 449 2674 his
512 2614 773 2673 numeris
838 2614 1160 2689 struendis,
1225 2614 1361 2673 aliis
1427 2615 1686 2690 strophis
1750 2615 1934 2674 aliam
2005 2614 2262 2674 formam

229 2702 660 2779 exhibentibuS,
709 2705 1001 2778 quatenus
1048 2706 1251 2762 autem
1297 2722 1367 2761 ea
1411 2703 1655 2762 licentia
1700 2704 2070 2778 extendatur,
2116 2722 2260 2763 non-

229 2791 371 2851 dum
432 2791 710 2851 vidimuS.
809 2792 1022 2867 Itaque
1078 2792 1341 2868 primum
1393 2791 1602 2852 breves
1665 2811 1827 2851 arses
1889 2812 1997 2868 pro
2061 2792 2259 2869 longis

227 2901 347 2941 non
389 2881 481 2941 ita
524 2882 747 2939 multas
791 2884 971 2956 poeta
1018 2881 1285 2956 admisit,
1338 2881 1453 2940 etsi
1499 2881 1764 2940 carmina
1811 2880 2048 2958 singula
2094 2879 2257 2940 diffe-

226 2974 383 3029 runt.
455 2969 655 3029 Paene
684 2970 885 3028 nullae
916 2989 1076 3029 arses
1106 2973 1412 3046 correptae
1439 2970 1601 3029 intra
1627 2969 1894 3029 membra
1919 2969 1985 3026 in
2007 2969 2054 3026 I.
2074 2969 2258 3029 fuisse

226 3059 508 3118 videntur
520 3051 590 3141 1),
635 3078 829 3135 neque
872 3059 937 3116 in
991 3059 1142 3117 Vm
1187 3060 1316 3117 ulla
1363 3062 1689 3135 comparet3
1753 3076 1980 3134 paucae
2033 3057 2099 3115 in
2155 3059 2257 3117 IX.

226 3147 389 3206 ΧΙΠ.
417 3148 577 3223 XIV,
604 3148 809 3223 paullo
847 3148 1050 3223 plures
1087 3148 1150 3206 in
1176 3148 1249 3205 V.
1278 3149 1359 3223 X3
1396 3149 1589 3226 magis
1620 3149 1822 3206 autem
1850 3145 2159 3205 abundant
2192 3148 2258 3205 in

406 3300 457 3366 1)
494 3298 561 3350 In
596 3298 961 3352 commissura
995 3298 1371 3353 membrorum
1407 3299 1468 3353 in
1496 3298 1796 3381 periodum
1833 3297 2256 3353 coniunctorum

229 3370 315 3421 est
351 3367 575 3449 syllaba
610 3385 814 3451 anceps
852 3386 937 3438 ep.
976 3388 1024 3424 v,
1065 3376 1114 3438 3,
1154 3370 1191 3423 d
1217 3376 1305 3439 42,
1338 3369 1385 3423 si
1414 3370 1642 3451 quidem
1668 3371 1822 3423 recte
1847 3366 1903 3422 τί
1930 3367 2044 3439 μάν
2072 3385 2255 3437 neque

230 3438 396 3565 3²⁶⁴?
423 3439 1070 3581 ssssrffifflthsspssiffi
1099 3457 1297 3581 zssssffp
1322 3440 1765 3565 fimxffsstssffi?
1784 3440 2043 3510 ”⁵⁰⁶⁰²⁰²
2075 3439 2255 3495 '⁶²²⁰‘

1757 3598 1825 3652 ο*
