2622 3960
360 200 548 254 XVIII
1166 196 1594 252 PRAEFATIO.

366 367 663 426 Pindarus
728 369 790 425 et
855 365 1215 441 Simonides,
1280 384 1402 424 non
1463 368 1758 424 venerunt
1819 365 2101 440 Alcman,
2167 366 2406 442 Ib5cuS,

366 457 699 530 Anacreon,
734 455 1151 530 Bacchylides3
1196 454 1404 530 itaque
1446 457 1508 512 et
1553 455 1714 530 apud
1748 453 2108 529 Dionysium
2153 447 2408 535 (librum

369 545 692 604 secundum
743 541 877 623 περὶ
931 541 1233 620 μιμήσεως
1285 535 1450 623 dico)
1506 546 1568 601 et
1621 543 1782 617 apud
1836 541 2275 611 Quintilianum
2331 545 2404 602 de

367 633 462 692 his
510 633 815 691 silentium
859 635 966 690 aet„
1060 631 1178 690 Sed
1221 632 1359 691 vide
1408 631 1553 707 quid
1597 631 1950 707 praemittat
1995 631 2408 700 Quintilianus

370 715 471 802 (X,
504 725 560 795 1,
605 718 720 798 45)
775 720 961 779 indici
1015 723 1328 780 auctorum
1383 739 1534 795 quos
1578 719 2058 779 addoeeenfibus
2104 740 2403 780 commen—

371 811 500 869 dat:
548 810 777 885 „fateor
821 810 1023 884 plures
1067 808 1356 886 legendos
1398 827 1526 868 esse
1563 828 1745 884 quam
1782 809 1888 884 qui
1924 828 1963 867 a
1999 829 2094 868 me
2131 811 2404 869 nomina-

368 896 643 957 buntur“.
742 898 947 973 Atque
1014 898 1069 956 si
1129 897 1523 956 mediocribus
1593 895 1688 975 (ut
1750 898 1839 956 ait
1901 896 2405 957 Wilamowitzius

368 986 705 1046 Horatiano
750 988 881 1046 loco
926 983 1096 1064 usus)
1144 987 1339 1062 poetis
1384 986 1610 1045 bellum
1652 986 1952 1061 indicitur,
1989 987 2223 1046 Latinis
2273 988 2407 1063 qui-

370 1076 505 1135 dem
552 1075 697 1151 quid
740 1076 1011 1134 futurum
1056 1076 1136 1134 sit
1170 1075 1350 1151 plane
1388 1076 1602 1135 nescio.
1677 1075 1902 1134 Verum
1937 1079 2181 1150 poetam
2217 1076 2406 1135 fuisse

372 1164 677 1224 Catullum
722 1183 895 1222 nemo
929 1167 1140 1240 negat3
1186 1183 1474 1241 magnum
1510 1168 1713 1223 autem
1750 1168 1812 1222 et
1847 1164 2110 1222 Pindaro
2138 1165 2406 1240 Aeschy-

372 1254 552 1329 loque
607 1253 1116 1328 aequiperandum
1174 1253 1306 1329 quis
1361 1254 1607 1312 tandem
1661 1253 1853 1311 dicere
1918 1251 2118 1311 ausit?
2190 1254 2407 1329 Neque

372 1345 577 1401 tamen
629 1341 917 1400 Horatius
983 1361 1083 1401 eos
1147 1342 1472 1401 mediocres
1526 1342 1801 1418 intellegi
1852 1342 2008 1416 vult,
2074 1341 2183 1416 qui
2244 1342 2412 1402 infra

372 1451 669 1490 summum
731 1431 877 1506 sint,
941 1431 1047 1489 sed
1112 1431 1217 1506 qui
1277 1430 1430 1488 nihil
1495 1430 1757 1489 habeant
1818 1429 1977 1505 quod
2036 1448 2409 1506 magnopere

371 1521 608 1595 placere
661 1520 879 1595 possit:
934 1520 1190 1594 Isyllum
1240 1519 1431 1596 igitur
1474 1520 1909 1595 Delphicosque
1962 1520 2172 1592 poetas
2220 1518 2288 1575 in
2335 1540 2411 1579 eo

373 1628 619 1667 numero
664 1626 1039 1683 reponamuS,
1087 1627 1124 1666 a
1167 1607 1531 1683 Bacchylide
1575 1627 1716 1668 vero
1752 1607 1999 1681 ipsoque
2035 1605 2294 1665 Horatio
2341 1607 2410 1665 id

374 1716 590 1757 nomen
653 1697 861 1771 procul
925 1715 1248 1755 arceamus
1349 1697 1656 1755 Disertum
1708 1696 1780 1753 de
1838 1693 1954 1753 Ceo
2008 1698 2192 1769 poeta
2251 1695 2410 1754 iudi-

372 1786 530 1844 cium
566 1786 800 1842 nullum
834 1788 1106 1859 superest
1139 1788 1380 1860 praeter
1421 1784 1682 1863 Longini
1726 1783 1832 1859 qui
1876 1783 2097 1841 dicitur
2139 1783 2255 1843 hoc
2307 1781 2413 1860 (de

332 1873 658 1932 'sublimit
708 1874 810 1947 33,
839 1875 879 1930 4
927 1866 1073 1954 sq.):
1121 1891 1246 1933 esse
1291 1874 1688 1932 maximorum
1740 1875 2056 1948 poetarum
2100 1872 2414 1932 interdum

374 1962 559 2021 etiam
604 1961 926 2020 dormitare
973 1965 1034 2021 et
1077 1962 1219 2039 labi,
1263 1962 1447 2039 idque
1494 1982 1781 2038 apparere
1827 1964 1889 2021 et
1931 1961 1997 2019 in
2031 1960 2299 2022 Homero
2350 1967 2414 2022 et

373 2051 439 2108 in
493 2051 850 2109 Archilocho
904 2050 1285 2128 Pindaroque
1342 2056 1404 2111 et
1450 2051 1766 2127 Sophocle3
1832 2054 1898 2109 at
1949 2050 2237 2127 minores,
2307 2053 2418 2128 qui

374 2158 495 2198 non
539 2142 778 2197 tantum
824 2139 1112 2199 auderent
1155 2160 1348 2216 neque
1395 2141 1613 2215 spiritu
1657 2143 1784 2198 tam
1830 2138 2081 2197 sublime
2129 2141 2410 2199 efferren-

372 2231 489 2304 tur,
517 2231 652 2286 tuto
678 2228 1027 2304 plerumque
1053 2229 1326 2289 incedere
1348 2233 1409 2287 et
1435 2248 1474 2287 a
1498 2229 1675 2304 lapsu
1701 2246 1935 2302 cavere3
1961 2227 2180 2287 horum
2206 2234 2418 2289 autem

378 2317 649 2392 exempla
677 2316 783 2375 dat
800 2316 1206 2394 Apollonium,
1234 2319 1712 2391 Eratosthenem,
1737 2316 2179 2392 Bacchylidem,
2202 2318 2417 2378 Ionem

373 2405 853 2482 interrogatque:
896 2405 958 2465 τί
990 2400 1070 2480 ὃ’;
1108 2405 1174 2467 ἐν
1220 2404 1415 2485 μέλεσι
1451 2409 1670 2484 μᾶλλον
1716 2401 1791 2464 ἂν
1838 2396 1991 2464 εἶναι
2033 2407 2418 2485 Βακχυλίδης

376 2489 529 2554 ἕλοιο
565 2490 607 2572 ἣ
642 2493 976 2570 Πίνδαρος;
1021 2494 1124 2555 καὶ
1167 2493 1233 2555 ἐν
1278 2493 1575 2579 τραγῳδίᾳ
1603 2489 1744 2552 Ἴων
1791 2488 1824 2551 ὃ
1869 2495 2051 2571 Χῖος,
2087 2490 2129 2572 ἣ
2165 2494 2244 2572 νὴ
2292 2499 2417 2555 Δία

371 2586 724 2660 Σοφοκλῆς;
753 2579 955 2660 ἐπειδὴ
986 2583 1050 2644 οἱ
1071 2580 1178 2662 μὲν
1198 2582 1555 2643 ἀδιάπτωτοι
1572 2579 1674 2641 καὶ
1690 2579 1757 2641 ἐν
1785 2585 1865 2665 τῷ
1893 2585 2181 2667 γλαφυρῷ
2210 2584 2414 2669 πάντῃ

374 2669 1003 2751 κεκαλλνγραφημένοι·
1051 2669 1084 2731 ὁ
1113 2670 1177 2732 δὲ
1206 2672 1519 2751 Πίνδαρος
1542 2668 1658 2730 κτὲ.
1720 2670 1887 2729 Haec
1923 2670 2113 2748 igitur
2139 2672 2414 2750 Bacchy-

374 2760 487 2819 lidi
531 2760 686 2819 sicut
728 2760 863 2819 Ioni
905 2761 1136 2837 tribuit,
1182 2759 1611 2839 καλλιγραφίαν
1658 2762 1719 2817 et
1763 2756 1826 2818 τὸ
1871 2758 2207 2838 γλαφυρόν,
2255 2783 2418 2838 quae

376 2853 518 2908 sunt
561 2868 683 2908 non
719 2849 962 2926 grandis
1001 2853 1182 2924 atque
1220 2849 1492 2907 sublimis
1529 2848 1761 2924 generis
1789 2848 2051 2923 propria,
2095 2851 2199 2908 sed
2225 2852 2420 2910 medii

378 2938 704 3013 cuiusdam,
752 2938 912 3014 quod
957 2942 1098 2996 sunt
1143 2938 1247 3012 qui
1292 2937 1571 2995 floridum
1616 2936 2070 3011 appellaverint.
2163 2939 2420 2999 Maneat

381 3028 584 3084 autem
629 3045 737 3084 sua
783 3026 996 3101 cuique
1042 3025 1248 3102 generi
1290 3025 1442 3083 laus.

554 3115 695 3173 Non
738 3115 931 3191 magis
977 3114 1128 3171 mihi
1165 3130 1348 3188 quam
1381 3112 1675 3172 Britanno
1714 3112 1930 3172 editori
1966 3114 2285 3174 consilium
2323 3120 2422 3176 est

378 3202 579 3260 omnia
641 3203 753 3262 hoc
815 3204 947 3262 loco
1012 3201 1084 3260 de
1148 3200 1511 3276 Bacchylide
1575 3202 1843 3276 exsequi,
1917 3202 2022 3261 sed
2094 3205 2418 3278 potissima

379 3289 673 3364 quaedam
719 3309 1045 3365 excerpere,
1090 3291 1288 3347 cetera
1335 3289 1470 3347 aliis
1505 3290 1856 3364 relinquere.
1930 3290 2238 3351 Latiorem
2277 3314 2422 3353 eum

375 3394 503 3435 esse
533 3396 713 3451 quam
748 3378 1075 3436 Pindarum
1101 3377 1279 3435 facile
1308 3381 1584 3452 apparet3
1623 3377 1874 3453 singulis
1910 3378 2086 3437 rebus
2126 3383 2420 3440 ornandis

378 3469 615 3538 tempus
659 3467 909 3525 insumit
950 3485 1144 3541 neque
1178 3465 1358 3524 facile
1393 3466 1625 3540 patitur
1668 3468 1739 3522 ut
1772 3465 1899 3522 sine
1930 3470 2149 3525 ornatu
2177 3470 2418 3546 aliquid

376 3551 657 3628 prodeat3
712 3554 968 3612 maxime
1024 3557 1227 3613 autem
1280 3553 1381 3611 dei
1431 3553 1535 3611 ubi
1588 3556 1934 3627 comparent
1989 3572 2222 3630 semper
2289 3559 2418 3634 epi-
