2622 3960
341 231 624 286 XXXVIII
1171 228 1599 285 PRAEFATIO.

346 399 452 458 Cei
495 402 708 475 poetae
756 399 1116 469 avunculum
1164 398 1530 458 Simonidem
1565 399 1844 475 frequens
1880 401 2221 475 usurpatur.
2282 400 2375 457 Ex

343 488 478 549 aliis
545 491 747 548 autem
810 506 1192 547 numerorum
1254 488 1567 565 generibus
1630 488 1823 564 petita
1887 488 2153 546 membra
2218 489 2280 546 et
2336 507 2374 547 a

341 577 602 636 Pindaro
669 580 729 636 et
794 596 830 635 a
893 576 1253 652 Bacchylide
1319 577 1612 652 enhopliis
1674 597 1810 636 raro
1886 576 2152 635 admixta
2216 580 2371 635 sunt.

347 665 543 724 Semel
604 668 695 725 est
751 666 911 741 apud
963 666 1120 724 hunc
1174 666 1594 742 pherecrateus
1650 665 1774 725 sive
1830 667 2151 742 glyconeus
2212 667 2374 724 cata-

339 754 613 829 lecticus,
659 754 777 812 XH
832 756 933 814 str.
983 755 1050 813 3:
1100 798 1136 808 ..
1172 775 1209 807 2
1242 800 1278 808 -
1316 783 1352 809 υ
1387 783 1424 808 υ
1459 800 1495 809 .,
1528 775 1565 807 2
1584 799 1598 824 ‚
1655 773 1772 830 quo
1839 754 2021 813 etiam
2073 753 2372 814 Pindarus

341 862 484 902 usus
531 845 623 902 est
664 843 731 901 in
775 843 850 901 N.
888 843 1039 901 Vm
1086 846 1188 902 str.
1231 845 1294 901 1:
1334 841 1458 922 ὥρα
1501 840 1713 903 πότνια
1748 842 1931 923 κᾶρυξ
1975 836 1983 920 Ι
2019 835 2373 922 Ἀφροδίτας

341 929 673 1010 ἀμβροσιᾶν
729 931 1074 1009 φιλοτάτων.
1164 931 1386 1007 Incipit
1429 931 1493 989 id
1536 931 1871 990 membrum
1931 933 2281 1007 plerumque
2339 951 2376 990 a

343 1019 622 1096 spondeo,
670 1019 773 1079 sed
817 1040 1006 1078 unum
1048 1020 1318 1080 trochaei
1364 1022 1700 1096 exemplum
1746 1020 1907 1096 apud
1949 1019 2374 1095 Bacchylidem

341 1112 572 1168 exstare
617 1108 854 1168 videtur
866 1101 935 1190 l)‚
983 1109 1136 1168 sicut
1181 1112 1339 1168 certe
1387 1109 1548 1185 apud
1591 1109 1919 1168 Pindarum
1966 1112 2175 1168 exstat.

516 1197 859 1274 Antequam
914 1197 992 1257 ad
1046 1199 1303 1257 alterum
1367 1218 1748 1258 numerorum
1808 1217 1994 1275 genus
2061 1197 2374 1256 definitum

342 1289 523 1362 atque
588 1290 816 1346 certum
878 1289 1278 1363 transeamus,
1344 1286 1660 1345 dicendum
1724 1290 1815 1346 est
1879 1286 1950 1345 de
2016 1285 2372 1361 quibusdam

341 1375 626 1451 strophis,
684 1394 937 1452 quarum
990 1376 1223 1435 numeri
1278 1375 1573 1452 enhopliis
1628 1375 1852 1434 similes
1917 1378 2098 1450 atque
2164 1375 2374 1433 affines

341 1483 467 1523 esse
513 1464 806 1524 videntur.
897 1464 1167 1524 Primum
1209 1464 1400 1542 igitur
1445 1484 1682 1524 carmen
1726 1464 1868 1522 XIX
1915 1456 2152 1545 (Ἴδας),
2200 1463 2375 1522 cuius

345 1555 663 1629 supersunt
722 1553 789 1611 in
851 1553 1074 1630 pagina
1135 1553 1304 1611 XLII
1368 1553 1643 1612 undecim
1704 1571 1984 1611 versuum
2044 1551 2239 1628 initia,
2310 1552 2377 1610 id
2493 1613 2497 1616 ⁴

339 1641 520 1701 habet
564 1641 856 1718 notabile,
915 1641 1077 1717 quod
1121 1642 1186 1699 hi
1232 1641 1472 1717 quidem
1518 1660 1720 1701 omnes
1768 1641 1843 1700 ab
1900 1660 1937 1694 κ.)
1973 1686 2009 1694 -
2043 1668 2081 1694 υ
2116 1668 2152 1694 υ
2189 1643 2264 1711 (-
2299 1644 2374 1710 υ)

338 1730 649 1806 incipiunt,
698 1729 859 1805 quod
902 1734 972 1789 ut
1018 1730 1298 1790 admonet
1346 1731 1611 1806 enhoplii
1655 1729 1914 1807 generis,
1962 1729 2051 1787 ita
2097 1728 2172 1788 ab
2220 1728 2372 1788 eius-

346 1819 509 1878 modi
555 1819 933 1894 stropharum
979 1819 1407 1895 compositione
1453 1819 1628 1878 valde
1666 1818 1962 1878 abhorret.
2046 1819 2202 1876 Tum·
2235 1838 2293 1878 v.
2334 1820 2371 1877 8

343 1907 659 1984 septimam
714 1907 1010 1984 syHabam
1063 1910 1307 1986 longam
1361 1907 1597 1966 habuit:
1654 1904 1965 1980 ἀναξίαλος
2010 1909 2228 1966 Ποσει-
2237 1950 2258 1986 ,
2304 1909 2374 1964 ut

343 1997 563 2055 existat
608 2016 888 2056 numerus
934 2017 1055 2057 non
1101 1997 1430 2074 enhopliuS,
1478 1998 1582 2057 sed
1615 1997 1999 2074 prosodiacus
2035 1997 2178 2056 talis
2208 1997 2376 2073 quali

339 2085 773 2161 Aristophanes
818 2086 1028 2162 utitur,
1074 2087 1240 2146 velut
1275 2086 1341 2144 in
1374 2087 1598 2146 Avium
1635 2087 1893 2146 carmine
1928 2086 2078 2145 item
2112 2085 2375 2161 nuptiali

345 2166 428 2255 (v.
482 2176 650 2233 1731
703 2167 886 2256 sqq.):
908 2170 1068 2258 ’Ήρᾳ
1103 2169 1235 2237 ποτ’
1272 2168 1578 2258 Ὀλυμπίᾳ.
1650 2176 1876 2233 Verum
1909 2174 1963 2234 is
1991 2174 2381 2253 Bacchylidis

342 2281 549 2322 versus
611 2267 769 2322 certe
823 2265 960 2340 plus
1014 2283 1134 2323 una
1189 2265 1423 2340 syllaba
1478 2264 1715 2341 longior
1767 2264 1901 2322 fuit.
2004 2262 2122 2322 Sed
2173 2263 2370 2323 missis

338 2351 431 2411 his
486 2351 756 2427 reliquiis
811 2352 987 2412 nimis
1041 2353 1279 2430 laceris,
1338 2354 1416 2412 ad
1467 2352 1673 2411 XVIH
1720 2344 1879 2433 (Ἰώ)
1938 2355 2370 2411 convertamur.

339 2441 488 2500 Eius
545 2440 823 2500 carminis
880 2441 1103 2517 epodus
1158 2445 1291 2502 tota
1336 2441 1547 2501 incidit
1590 2442 1654 2499 in
1698 2460 1834 2518 pag.
1881 2440 2067 2516 XLII,
2114 2445 2371 2517 suntque

339 2529 467 2589 eius
512 2548 718 2589 versus
763 2534 1003 2605 praeter
1046 2551 1232 2589 unum
1276 2530 1717 2590 breviusculum
1755 2533 1816 2588 et
1850 2530 2105 2589 fortasse
2146 2548 2370 2606 paucos

330 2619 488 2678 alios
533 2638 653 2678 non
698 2618 894 2678 minus
937 2619 1203 2678 truncati
1250 2639 1432 2696 quam
1466 2618 1925 2696 undevigesimi3
1974 2617 2078 2677 sed
2123 2619 2373 2695 stropha

328 2707 543 2766 XVHI
597 2726 876 2767 versuum
930 2708 1166 2786 integra
1222 2711 1507 2785 superest.
1598 2698 1780 2766 Haec'
1822 2707 2011 2785 igitur
2057 2710 2196 2766 sunt
2244 2707 2372 2766 eius

326 2796 511 2873 quasi
557 2797 852 2855 elementa
897 2797 1280 2872 principalia:
1335 2796 1623 2856 iambicus
1682 2796 1933 2855 dimeter
1987 2797 2370 2871 acatalectuS,

335 2887 469 2943 tum
505 2885 769 2944 eiusdem
804 2886 998 2944 forma
1036 2886 1387 2945 catalectiea
1426 2885 1499 2944 ab
1538 2885 1832 2961 enhopliis
1869 2903 2114 2961 prorsus
2154 2885 2369 2960 aliena,

338 2973 476 3032 dein
524 2973 836 3049 enhoplius
872 2994 909 3027 n
943 3020 980 3028 ..
1014 3001 1052 3027 υ
1084 3001 1123 3028 υ
1159 3021 1193 3028 -
1229 3001 1267 3027 υ
1300 3001 1339 3027 υ
1373 3019 1408 3027 -
1429 3017 1443 3043 ,
1482 2974 1578 3032 cui
1623 2975 1804 3033 semel
1840 2973 2212 3049 paenultima
2250 2974 2369 3048 syl-

336 3062 477 3121 laba
522 3062 587 3120 in
631 3062 875 3121 modum
929 3062 1418 3138 prosodiacorum
1470 3062 2047 3138 Aristophaneorum
2101 3062 2373 3121 detracta

337 3150 658 3227 reperitur,
716 3171 771 3210 v.
832 3152 869 3209 5
931 3148 1279 3230 ἰοβλέφαροί
1329 3171 1388 3210 τε
1442 3148 1558 3210 καὶ.
1657 3150 1852 3209 Iambi
1909 3154 2112 3210 autem
2167 3169 2372 3210 omnes

337 3240 476 3316 puri
522 3243 684 3316 sunt,
740 3258 932 3315 neque
993 3240 1189 3297 exstat
1235 3239 1529 3315 spondeus
1575 3239 1693 3298 nisi
1735 3240 1801 3297 in
1846 3240 2022 3315 epodi
2066 3259 2121 3298 v.
2171 3241 2237 3298 5:
2280 3232 2372 3298 Ἰὼ

339 3326 607 3407 φέρουσα
650 3327 878 3387 παῖδα.
911 3373 923 3385 .
955 3372 968 3385 .
1000 3372 1012 3385 .
1059 3327 1381 3387 Praeterea
1428 3331 1519 3388 est
1562 3346 1767 3387 versus
1816 3347 1886 3386 ex
1922 3327 2263 3388 choriambo
2312 3331 2375 3386 et

523 3534 578 3601 1)
616 3530 977 3585 Πανθαλέων
1006 3530 1369 3600 στεφάνοισιν
1397 3532 1515 3601 XII,
1547 3539 1641 3598 693
1673 3532 1742 3587 cf.
1771 3530 2072 3598 πανθᾶλής
2098 3530 2214 3585 ibd.
2238 3537 2373 3599 2293

328 3604 436 3658 sed
458 3600 697 3665 εὐθᾶλές
711 3600 827 3655 sive
839 3601 1030 3670 potius
1047 3601 1440 3672 εὐθᾶλέςἾΠΙ,
1454 3609 1504 3672 5,
1519 3602 1582 3658 it.
1599 3601 1762 3657 Pind.
1776 3602 1837 3656 P.
1854 3602 1946 3670 IX,
1966 3607 2060 3672 723
2082 3598 2370 3672 ἐριθηλής.
