2622 3960
963 180 1393 237 PRAEFATIO.
2053 181 2212 237 XVII

174 350 673 410 Wilamowitzius
732 369 806 408 ne
862 349 1026 425 apud
1071 352 1301 409 veteres
1351 350 1596 425 quidem
1639 350 1704 408 in
1747 351 1972 409 honore
2018 351 2204 410 fuisse

171 440 595 515 Bacchylidem
650 435 843 515 (sicut
897 458 1019 497 non
1072 438 1194 497 fuit
1247 435 1628 517 Herondas),
1686 440 1912 498 iustum
1964 440 2211 499 modum

171 529 321 588 mihi
366 530 462 588 vir
507 528 885 587 doctissimus
943 527 1222 586 excedere
1277 528 1535 586 videtur.
1626 528 1855 587 Verum
1911 532 2003 587 est
2047 529 2210 589 Atti-

176 638 382 677 corum
407 618 707 677 neminem
734 615 1113 692 Bacchylidis
1151 616 1518 675 mentionem
1544 616 1768 692 facere3
1814 617 2210 676 Alexandrini

175 710 382 766 autem
435 707 500 765 in
557 706 825 766 ordinem
878 706 1203 781 lyricorum
1248 708 1566 780 poetarum
1608 709 1989 782 receperunt,
2035 707 2210 765 nimi-

170 817 309 855 rum
383 795 546 871 quod
618 795 777 853 hunc
850 813 1091 870 quoque
1155 797 1399 868 poetam
1462 813 1584 853 non
1647 794 1821 869 parvi
1884 794 2206 854 faciebant.

174 886 429 944 Frustra
493 883 653 942 enim
717 882 1011 942 obnititur
1064 882 1595 958 WilamowitziuS,
1670 902 1871 942 omnes
1944 884 2008 942 in
2073 902 2212 942 eum

176 974 446 1033 ordinem
490 975 758 1048 receptos
806 991 931 1032 esse
976 971 1309 1047 perhibenS,
1361 991 1618 1048 quorum
1665 992 1847 1048 opera
1883 975 1981 1032 sat
2016 974 2212 1031 multa

173 1062 597 1122 Alexandrinis
643 1065 882 1136 praesto
929 1061 1209 1134 fuissent,
1255 1060 1465 1136 itaque
1505 1061 1745 1139 cogitur
1779 1065 1853 1121 ut
1890 1060 2214 1120 Corinnam

172 1154 413 1228 praeter
459 1169 695 1210 omnem
740 1150 865 1208 veri
912 1150 1169 1225 speciem
1223 1149 1386 1208 dicat
1441 1150 1740 1224 prioribus
1787 1150 2211 1209 Alexandrinis

174 1242 448 1318 ignotam
493 1240 697 1315 fui-sse,
748 1239 1034 1315 quoniam
1082 1258 1153 1297 ea
1192 1237 1438 1313 quidem
1474 1238 1538 1296 in
1576 1239 1845 1297 ordinem
1882 1259 2001 1298 non
2029 1240 2211 1298 venit.

175 1329 294 1389 Sed
340 1349 447 1389 cur
489 1327 951 1403 Melanippides,
998 1327 1383 1402 Philoxenus,
1431 1327 1810 1403 Timotheus,
1859 1328 1966 1386 alii
2013 1327 2210 1403 dithy-

174 1418 519 1477 ramborum
565 1419 627 1476 et
672 1435 988 1476 nomorum
1025 1419 1299 1474 auctores
1339 1434 1459 1474 non
1496 1418 1639 1474 sunt
1674 1416 1917 1491 recepti,
1957 1435 2214 1491 quorum

176 1527 361 1582 opera
405 1507 603 1565 multa
647 1525 843 1581 usque
891 1505 968 1562 ad
1012 1503 1489 1562 Alexandrinum
1535 1523 1751 1563 aevum
1797 1505 2045 1564 durasse
2092 1524 2212 1564 cer-

174 1596 483 1655 tissimum
544 1593 674 1654 est?
774 1594 1004 1668 Nempe
1069 1592 1123 1651 ei
1190 1592 1536 1652 criticorum
1599 1593 1822 1652 iudicio
1888 1612 2008 1652 non
2072 1597 2214 1652 sunt

178 1684 441 1760 probati,
487 1684 644 1741 sicut
688 1685 780 1742 est
815 1682 1104 1757 probatus
1142 1681 1555 1757 Bacchylides.
1646 1683 1851 1758 Atque
1897 1683 1961 1741 id
1997 1682 2214 1759 ipsum,

184 1771 349 1847 quod
393 1771 574 1829 huius
618 1774 713 1830 tot
748 1772 1014 1830 carmina
1049 1789 1243 1847 usque
1282 1771 1362 1829 ad
1397 1771 1507 1829 illa
1542 1773 1815 1847 tempora
1851 1774 2213 1848 manserant,

182 1878 384 1919 nonne
429 1859 747 1919 manifesto
795 1861 1058 1919 ostendit
1103 1860 1314 1919 multis
1360 1860 1520 1919 hunc
1568 1880 1809 1936 quoque
1865 1864 2107 1936 poetam
2151 1862 2216 1919 in

177 1949 380 2026 pretio
428 1946 652 2008 fuisse?
696 1949 778 2008 Et
823 1949 1062 2026 scripsit
1105 1952 1259 2009 teste
1296 1948 1616 2009 Ammonio
1657 1942 1740 2031 (p.
1776 1945 1884 2029 79)
1922 1950 2214 2027 Didymus

183 2038 639 2099 commentarios
686 2038 749 2097 in
797 2039 1069 2114 epinicia.
1151 2039 1284 2098 Iam
1324 2038 1486 2114 quod
1524 2039 1601 2098 ad
1636 2039 1937 2122 Romanos
1978 2042 2215 2117 attinet,

178 2146 302 2186 uno
349 2127 601 2187 Horatio
649 2128 956 2187 imitatore
1000 2127 1394 2204 Bacchylides
1442 2130 1758 2187 contentus
1816 2147 1941 2188 esse
1997 2132 2215 2205 potest,

178 2218 230 2276 si
281 2217 524 2293 quidem
577 2217 804 2276 imitari
852 2220 943 2276 est
986 2218 1173 2276 tacite
1218 2216 1499 2292 probare:
1548 2218 1719 2276 cuius
1775 2218 2133 2277 imitationis
2180 2237 2217 2278 a

175 2306 485 2365 veteribus
532 2308 793 2364 testatae
840 2325 999 2365 nunc
1046 2306 1231 2365 etiam
1274 2307 1456 2381 plura
1502 2308 1773 2382 exempla
1820 2307 2214 2384 agnoscimus

174 2394 543 2453 Plutarchus
583 2395 731 2470 quin
770 2414 908 2453 eum
943 2395 1160 2471 legerit
1197 2413 1318 2453 non
1356 2397 1448 2453 est
1484 2395 1759 2469 dubium3
1807 2396 2023 2473 legisse
2063 2396 2213 2455 alios

177 2502 423 2560 quoque
452 2484 679 2543 multos
709 2483 989 2542 credibile
1019 2487 1110 2541 est
1137 2501 1332 2558 usque
1350 2483 1426 2541 ad
1444 2483 1754 2542 Iulianum
1773 2484 2213 2559 imperatorem,

172 2572 482 2631 hominem
527 2571 772 2632 minime
820 2571 1234 2631 contemnendi
1282 2572 1508 2647 iudicii,
1556 2573 1630 2631 de
1677 2593 1797 2648 quo
1835 2573 1982 2632 haec
2028 2572 2217 2631 tradit

172 2661 538 2720 Ammianus
576 2660 961 2720 Marcellinus
992 2653 1204 2742 (XXV,
1234 2662 1302 2733 43
1342 2661 1452 2738 frg.
1488 2654 1629 2742 38):
1676 2661 2012 2737 „recolebat
2041 2680 2216 2736 saepe

175 2749 413 2809 dictum
439 2750 615 2826 lyrici
642 2749 1042 2825 BacchylidiS,
1074 2768 1253 2824 quem
1280 2749 1522 2827 legebat
1557 2750 1815 2809 iucunde
1852 2751 1916 2808 id
1952 2768 2216 2808 asseren-

174 2842 321 2915 tem,
371 2836 570 2914 quod“
608 2859 655 2898 e.
697 2859 751 2915 q.
791 2857 834 2897 s.
910 2838 1002 2896 Ea
1049 2841 1254 2896 autem
1290 2858 1444 2914 quae
1475 2837 1746 2897 Clemens
1773 2838 2216 2898 Alexandrinus

176 2948 250 2986 ex
298 2927 661 3002 Bacchylide
709 2928 899 3002 affert,
946 2927 1104 2985 unde
1151 2928 1396 2986 tandem
1442 2928 1554 2986 scit
1600 2927 2100 2987 Wilamowitzius
2149 2947 2219 2985 ex

175 3016 548 3093 anthologiis
596 3016 958 3092 quibusdam
1004 3015 1078 3074 ab
1127 3035 1194 3075 eo
1242 3019 1484 3091 sumpta
1531 3015 1701 3075 esse?
1794 3015 2025 3091 Quippe
2071 3016 2219 3075 haec

179 3106 449 3165 carmina
488 3109 549 3163 et
585 3106 845 3165 iucunda
883 3107 1056 3162 erant
1101 3108 1162 3163 et
1198 3104 1511 3164 intellectu
1539 3105 1759 3179 facilia,
1800 3124 1953 3181 quae
2001 3105 2052 3163 si
2099 3125 2218 3165 non

178 3214 416 3253 summa
470 3195 601 3253 laus
660 3197 774 3269 est,
829 3196 1069 3269 poterat
1122 3196 1326 3252 tamen
1386 3190 1474 3271 (et
1527 3213 1684 3252 nunc
1738 3186 1965 3274 potest)
2012 3195 2217 3254 multis

178 3282 608 3358 Bacchylidem
661 3302 805 3358 prae
860 3281 1121 3340 Pindaro
1179 3283 1606 3341 commendare.
1713 3280 1830 3340 Sed
1892 3284 2038 3342 haec
2097 3303 2220 3344 non

180 3371 313 3432 ideo
373 3373 702 3447 disputavi,
759 3375 828 3430 ut
874 3367 1194 3448 ἀλαθείαν,
1251 3372 1323 3429 de
1383 3391 1502 3447 qua
1547 3372 1771 3430 multus
1821 3374 1910 3430 est
1953 3372 2220 3449 Bacchy-

181 3459 357 3537 lideS,
416 3461 632 3536 cupida
688 3459 1066 3520 contentione
1125 3460 1449 3519 obruerem.
1541 3459 1684 3518 Fuit
1740 3461 1986 3534 quidam
2033 3462 2221 3520 artior

182 3546 507 3622 lyricorum
536 3550 699 3624 ord0,
728 3550 793 3607 in
821 3567 998 3625 quem
1024 3553 1317 3609 venerunt
1348 3568 1481 3608 cum
1511 3547 1848 3609 Stesichoro
1877 3550 2220 3626 Alcaeoque

285 3660 638 3699 oncmrmmts
659 3658 729 3697 ed.
750 3659 788 3696 B
799 3658 817 3696 1
828 3670 854 3698 a
867 3669 887 3698 s
900 3669 933 3697 s.
1749 3646 1787 3699 b
