2622 3960
1034 211 1463 267 PRAEFATIO.
2134 215 2264 268 XIX

234 381 420 439 thetis
468 381 588 439 suis
637 381 811 456 quasi
845 380 1043 439 induti
1088 385 1245 457 sunt,
1292 385 1361 441 ut
1395 382 1479 439 in·
1499 381 1709 457 quinto
1748 383 2034 441 carmine:
2081 383 2265 443 ἰοστε-

228 469 443 546 φάνων
491 471 763 546 Μοισᾶν,
809 469 1122 549 Χαρίτεσσι
1157 469 1558 549 βαθυζώνοις,
1603 471 2024 550 χρυσάμπυκος
2067 471 2265 552 Οὐρα-

226 559 384 637 νίας,
411 562 546 617 tum
574 555 976 637 εὐρυάνακτος
1004 556 1202 635 Ζηνὸς
1231 556 1661 639 ἐρισφαράγου,
1690 580 1901 619 rursus
1929 565 2264 621 κυανοπλο-

131 691 139 698 -
225 647 424 725 κάμου
483 646 701 724 Νίκας,
746 645 1199 727 χαλκεοστέρνου
1223 643 1464 727 Ἄρηος,
1500 648 1872 729 χρυσόπαχυς
1905 643 2069 728 Ἀώς,
2117 649 2263 721 Διὸς

226 734 678 817 ἀργικεραύνου,
713 735 1094 815 Φερσεφόνας
1130 738 1523 814 τανισφύρου,
1561 735 1707 808 Διὸς
1744 739 2020 819 μεγάλου,
2064 739 2261 799 καλλί-

228 825 413 897 ζωνος
441 821 623 905 ““Ἠρα,
669 824 938 884 Παλλάδι
984 826 1203 908 ξανθά,
1248 826 1773 903 καλυκοστεφάνου
1821 837 2040 906 σεμνᾶς
2084 826 2258 906 χόλον

221 908 558 994 Ἀρτέμιδος
602 911 997 991 λευκωλένου,
1044 913 1318 995 δαΐφρων
1357 912 1637 995 ἀγροτέρα
1672 920 1916 988 Λατοῦς
1959 917 2256 998 θυγάτηρ;

227 1004 487 1079 denique
531 1002 978 1083 καρτερόθυμος
1009 998 1211 1082 Ἄρης,
1256 1001 1506 1083 χρυσέας
1552 1004 1861 1084 Κύπριδος
1906 1005 2260 1085 θελξιμβρό-

226 1114 354 1169 του,
401 1091 721 1176 λευκώλενε
769 1090 1096 1169 Καλλιόπα,
1143 1093 1262 1152 Δία
1299 1093 1608 1173 Κρονίδαν
1642 1086 1965 1172 Ὀλύμπιον
2003 1092 2261 1175 ἀρχαγὸν

224 1187 414 1259 θεῶν,
454 1178 487 1240 ὁ
527 1180 959 1260 μεγιστοπάτωρ
997 1181 1165 1252 Ζεύς.
1262 1180 1419 1240 Sunt
1446 1182 1744 1257 quaedam
1771 1183 1836 1241 in
1862 1184 1955 1242 his
1983 1185 2263 1264 vulgaria

223 1274 410 1346 atque
464 1271 639 1345 trita,
700 1271 988 1346 pleraque
1045 1274 1249 1330 autem
1293 1271 1538 1329 minime
1596 1272 1903 1349 vulgaria,
1960 1273 2064 1331 sed
2129 1277 2258 1332 arte

226 1360 522 1435 quaesita.
585 1358 915 1417 Britannus
955 1359 1148 1418 editor
1183 1359 1477 1419 vocabula
1516 1363 1757 1418 centum
1793 1361 1912 1420 duo
1951 1365 2264 1436 computat

228 1469 383 1524 quae
431 1467 588 1507 nunc
634 1449 896 1523 primum
941 1450 1344 1524 compareant,
1391 1449 1550 1506 inter
1595 1467 1749 1524 quae
1786 1450 1964 1527 longe
2002 1451 2264 1509 maxima

222 1556 362 1613 pars
412 1541 558 1596 sunt
603 1537 895 1612 epitheta3
941 1537 1135 1595 Italus
1183 1539 1388 1595 autem
1428 1536 1495 1595 G.
1534 1531 1937 1619 Fraccaroli1)
1986 1539 2263 1616 diligenti

227 1626 678 1702 comparatione
734 1626 1019 1685 instituta
1075 1626 1339 1684 ostendit
1397 1645 1518 1685 non
1583 1626 1673 1685 ita
1734 1627 1931 1686 multa
1995 1627 2263 1703 epitheta

223 1715 577 1790 Bacchylidi
634 1733 768 1773 cum
822 1714 1083 1773 Pindaro
1141 1733 1266 1773 esse
1324 1716 1686 1791 communia,
1745 1719 1817 1774 ut
1863 1719 2154 1791 appareat
2198 1717 2262 1774 in

226 1808 487 1880 utroque
535 1804 804 1862 studium
847 1804 1110 1864 novandi
1155 1824 1351 1879 neque
1390 1805 1464 1862 ab
1504 1806 1694 1863 altero
1733 1805 2019 1864 sumendi.
2093 1806 2262 1865 Idem

225 1897 384 1952 recte
444 1893 723 1952 observat
786 1911 966 1950 usum
1022 1893 1427 1967 epithetorum
1483 1894 1645 1968 apud
1698 1893 2031 1953 Pindarum
2083 1895 2262 1972 longe

225 1984 561 2059 parciorem
607 2001 762 2056 esse,
825 1982 977 2041 Ceus
1025 1983 1206 2058 enim,
1263 1988 1336 2042 ut
1383 1986 1473 2042 est
1520 1984 1590 2042 de
1635 1983 2053 2044 Alcidamante
2101 1985 2264 2060 apud

225 2072 617 2131 Aristotelem
628 2064 698 2153 2),
747 2071 1016 2146 epitheta
1061 2090 1179 2131 non
1225 2074 1298 2130 ut
1341 2072 1785 2131 condimentum
1822 2074 1925 2131 sed
1961 2075 2031 2131 ut
2067 2074 2264 2132 cibum

226 2161 506 2220 adhibere
562 2161 816 2219 videtur.
908 2160 1230 2219 Praeterea
1285 2181 1393 2219 cur
1457 2164 1549 2220 est
1602 2162 1832 2221 Urania
1893 2162 2263 2242 χρυσάμπυξ,

230 2250 498 2326 Calliope
567 2252 628 2308 et
682 2249 881 2308 Diana
944 2249 1331 2327 λευκώλενος,
1394 2250 1666 2309 Victoria
1726 2251 2262 2331 κυανοπλόκαμοςὶ)

226 2340 456 2415 Nempe
525 2339 671 2414 quia
727 2339 871 2397 deae
928 2342 1071 2397 sunt
1125 2339 1249 2398 sive
1303 2339 1508 2414 potius
1567 2340 1710 2414 quia
1763 2341 2045 2415 feminae3
2110 2341 2261 2399 nihil

227 2430 384 2486 enim
430 2428 579 2486 haec
625 2428 852 2502 proprii
896 2427 1121 2486 habent
1164 2447 1361 2502 neque
1408 2428 1662 2505 singulis
1708 2431 1978 2504 personis
2034 2449 2260 2489 accom-

222 2517 470 2577 modata
535 2519 692 2575 sunt.
796 2515 913 2575 sed
975 2516 1304 2575 Homerum
1368 2516 1597 2575 scilicet
1668 2518 1890 2593 lyricus
1963 2519 2258 2593 imitatur,

228 2607 387 2682 apud
437 2625 619 2682 quem
663 2625 784 2665 non
829 2606 1021 2683 mag-is
1069 2605 1214 2664 deus
1262 2605 1485 2681 aliquis
1531 2606 1629 2664 vel
1675 2607 1861 2665 etiam
1909 2607 2085 2666 homo
2132 2607 2260 2665 sine

225 2695 491 2771 epitheto
538 2694 899 2769 nominatur,
944 2698 1015 2753 ut
1061 2694 1265 2753 abesse
1311 2714 1432 2755 non
1477 2696 1668 2770 possit
1713 2696 1859 2771 quin
1906 2715 1977 2754 ex
2014 2697 2098 2754 eis
2137 2696 2259 2771 epi-

223 2784 405 2843 thetis
429 2786 434 2790 ’
456 2783 754 2859 quaedam
789 2784 979 2842 multo
1018 2802 1131 2843 usu
1167 2783 1390 2842 detrita
1415 2783 1736 2843 videantur
1762 2803 1955 2861 neque
1994 2785 2259 2843 animum

223 2873 400 2931 ferire
483 2872 742 2949 possint,
824 2873 991 2932 velut
1065 2872 1222 2949 δῖος,
1296 2871 1604 2950 θεοειδής,
1677 2878 1847 2944 θεοῖς
1915 2871 2255 2948 ἐπιείκελος,

227 2963 448 3038 quippe
499 2980 652 3037 quae
701 2961 1065 3037 quibuslibet
1109 2961 1446 3020 hominibus
1501 2962 1834 3037 promiscue
1897 2962 2256 3021 tribuantur.

223 3050 292 3109 In
339 3051 888 3126 comparationibus
927 3070 1170 3126 quoque
1205 3050 1598 3126 Bacchylides
1634 3050 1883 3111 Homeri
1920 3052 2259 3126 exemplum

226 3141 523 3217 sequitur,
589 3139 899 3199 dilatando
966 3140 1285 3215 omniaque
1352 3139 1673 3217 diligenter
1748 3139 2123 3218 depingendo
2198 3145 2257 3199 et

226 3228 591 3301 exornand03
638 3227 776 3287 hinc
820 3228 891 3286 fit
928 3230 998 3286 ut
1037 3231 1099 3287 et
1133 3229 1374 3303 aquilae
1411 3228 1518 3286 illa
1556 3229 1922 3304 comparatio
1959 3229 2260 3307 integram

225 3317 534 3393 stropham
581 3317 777 3392 quinti
833 3317 1111 3377 carminis
1168 3318 1433 3393 expleat,
1499 3320 1560 3375 et
1605 3318 1798 3377 altera
1843 3318 2013 3377 navis
2060 3319 2256 3378 ventis

226 3407 602 3465 conflictatae
667 3406 770 3465 sed
834 3406 1088 3481 denique
1152 3409 1398 3480 portum
1462 3409 1673 3466 nactae
1738 3408 1887 3466 item
1958 3407 2257 3484 integram

366 3542 419 3610 1)
456 3537 682 3592 Rivista
719 3538 778 3592 di
812 3538 1094 3608 Filologia
1129 3521 1327 3608 XXVI,
1367 3545 1434 3593 14
1473 3557 1592 3607 sqq.
1742 3542 1795 3611 2)
1823 3539 2059 3595 Aristot.
2087 3539 2253 3594 Rhet.

223 3610 315 3680 111,
353 3617 414 3665 3.
454 3611 520 3664 οὐ
557 3609 665 3680 γὰρ
694 3610 972 3680 ἡδυσματι
1007 3618 1210 3681 χρῆται
1248 3583 1488 3671 ἀλλ’ὡς
1517 3607 1775 3680 ἐδέσματι
1809 3620 1927 3674 τοῖς
1956 3609 2241 3672 ἐπιθέτοις

1747 3699 1824 3752 b*
