2622 3960
331 160 457 225 166
674 161 1116 214 FRAGMENTA
1150 162 1258 216 ΑΡ.
1295 161 1454 217 VET.
1495 161 1641 214 SCR.
1683 161 2023 216 SERVATA.

1182 392 1291 462 44.
1341 392 1503 479 [60]

505 516 716 582 SohoL
769 514 995 602 OdJSS.
1045 542 1119 602 φ,
1156 516 1315 583 295:
1364 523 1439 583 Β.
1487 514 1562 583 δὲ
1608 518 1943 604 διάφορον
1988 523 2195 583 οἴεται
2242 517 2366 582 τὸν

324 624 728 710 Εὐρυτίωνα
775 622 884 712 (ab
929 624 1184 709 Euryto
1231 625 1301 688 in
1345 623 1626 689 Pirithoi
1672 625 1918 710 nuptiis
1963 620 2368 710 interfooto):

323 728 491 814 φησὶ
549 730 673 817 γὰρ
736 727 1224 807 ἐπιξενωθέντα
1268 727 1627 822 Δεξαμενῷ
1675 728 1948 817 (Bar-nos
2001 752 2120 815 pro
2178 727 2365 807 δεξά-

323 834 551 922 μενος)
601 835 675 901 ἐν
706 834 938 901 ”Ham
984 837 1388 924 ὑβριστικῶς
1434 836 1843 925 ἐπιχειρῆσαι
1888 847 1968 923 τῇ
2013 846 2135 903 τοῦ
2182 834 2367 914 ξενο-

325 943 689 1028 δοχοῦντος
752 947 1080 1031 θυγατρί,
1143 944 1255 1009 καὶ
1322 945 1435 1009 διὰ
1497 953 1698 1009 τοῦτο
1764 944 1895 1009 ὑπὸ
1955 942 2366 1031 Ἡρακλέους

327 1047 767 1136 ἀναιρεθῆναι
825 1054 1100 1138 καιρίως
1152 1061 1295 1129 τοῖς
1352 1057 1563 1129 οἴκοις
1620 1048 1790 1139 (τοῖς
1846 1050 1979 1117 ἐκεῖ
2030 1049 2363 1139 Eustath.)

329 1154 731 1234 ἐπιστάντος.
826 1156 920 1223 Cf.
968 1157 1153 1223 Eusss.
1205 1158 1397 1244 1909,
1435 1158 1538 1223 61.

1177 1388 1501 1475 45.[62]

504 1510 716 1578 Sohol.
765 1511 889 1597 Ap.
944 1512 1151 1578 Rhod.
1198 1511 1292 1598 11,
1339 1512 1497 1578 498:
1573 1509 1763 1590 Τινὲς
1820 1509 2140 1598 τέσσαρας
2187 1509 2366 1599 Ἀρι-

323 1622 594 1696 σταίους
643 1624 1184 1705 γενεαλογοῦσιν,
1230 1621 1322 1698 ὡς
1362 1618 1473 1685 καὶ
1511 1625 1614 1685 Β.·
1659 1621 1781 1685 τὸν
1815 1616 1941 1704 μὲν
1977 1620 2366 1704 Καρύστου,

320 1727 528 1791 ἄλλον
576 1722 653 1791 δὲ
702 1728 1050 1812 Χαίρωνος
1098 1724 1317 1813 (ng.:
1373 1724 1685 1812 Χέρωνος
1729 1723 1977 1813 Laur.)‚
2032 1728 2241 1791 ἄλλον
2288 1722 2367 1791 δὲ

322 1835 457 1916 Γῆς
501 1831 614 1897 καὶ
668 1833 1014 1919 Οὐρανοῦ,
1068 1831 1180 1897 καὶ
1224 1832 1348 1897 τὸν
1394 1830 1737 1920 (τέταρτον
1783 1830 1977 1920 ng.)
2025 1835 2364 1918 Κυρήνης.

318 1937 466 2004 Nisi
514 1938 678 2004 alius
729 1939 835 2004 hio
882 1942 980 2004 ost
1025 1931 1464 2024 Bacchylides..

1176 2152 1497 2238 46.[63]

501 2274 747 2342 Gellius
783 2275 865 2342 N.
906 2276 984 2343 A.
1022 2277 1164 2363 XX,
1206 2277 1271 2343 7:
1317 2275 1489 2342 Nam
1531 2276 1855 2342 Homerus
1900 2245 2136 2361 piioros
2182 2275 2363 2361 puel-

322 2383 544 2467 lasque
593 2384 729 2448 eius
775 2381 1087 2471 (Niobae)
1133 2383 1235 2448 bis
1291 2405 1479 2448 sonos
1529 2383 1688 2448 dicit
1732 2383 1957 2468 fuisse,
2011 2382 2361 2468 Euripides

322 2490 424 2555 bis
469 2494 786 2576 septenos,
837 2489 1098 2575 Sappho
1145 2490 1247 2554 bis
1292 2510 1599 2573 novenOS,
1644 2488 1717 2554 B.
1766 2493 1831 2555 et
1875 2489 2193 2555 Pindarus
2241 2490 2363 2556 bis

321 2596 567 2661 denos

1176 2720 1497 2807 47.[64]

499 2843 710 2910 Schol.
768 2843 924 2912 Hes..
979 2841 1095 2908 Th.
1145 2843 1307 2909 914:
1371 2843 1715 2931 ἡρπάσθαι
1781 2841 1855 2910 δὲ
1919 2846 2042 2929 τὴν
2106 2850 2360 2933 Περσε·

319 2953 543 3036 φόνην
589 2950 799 3036 φασὶν
844 2952 910 3017 οἱ
961 2946 1086 3036 μὲν
1133 2949 1203 3016 ἐκ
1249 2953 1593 3034 Σικελίας,
1646 2955 1721 3015 Β.
1770 2947 1855 3016 δὲ
1902 2950 1983 3016 ἐκ
2027 2954 2359 3039 Κρήτης.

1175 3182 1497 3267 48.[65]

493 3305 627 3370 Vit.
675 3306 866 3372 Hom.
906 3306 970 3372 V
1012 3331 1073 3393 p.
1113 3307 1198 3372 28
1229 3305 1434 3371 West.
1475 3303 1713 3392 (Oram.
1751 3305 1875 3370 An.
1913 3306 2057 3371 Par.
2095 3305 2213 3393 III,
2253 3309 2361 3396 98,

323 3408 434 3497 15)
485 3412 560 3475 de
596 3411 912 3480 Homero:
957 3415 1123 3480 κατὰ
1170 3411 1245 3479 δὲ
1282 3414 1712 3497 Βακχυλίδην
1754 3410 1865 3478 καὶ
1893 3410 2362 3501 Ἀριστοτέλην

319 3516 441 3580 τὸν
488 3519 872 3602 φιλόσοφον
911 3518 971 3585 Ἰ
972 3524 1014 3605 η’
1025 3544 1109 3605 τη
1126 3546 1174 3598 ς.
