2622 3960
1024 165 1457 220 PRAEFATIO.
2084 166 2271 221 XXIII

404 334 495 392 De
541 333 856 392 dialecto
907 353 1028 410 qua
1055 334 1446 410 Bacchylides
1479 353 1628 393 usus
1658 336 1751 394 est
1777 335 1899 394 iam
1924 336 2266 395 Britannus

223 423 422 482 editor
476 422 788 498 potissima
845 423 1199 499 declaravit,
1247 424 1370 482 alia
1414 424 1914 484 Wilamowitzius
1962 425 2198 484 adiecit.
2212 418 2263 503 1)

224 513 449 571 Veram
503 512 819 588 Doridem,
878 513 1077 588 qualis
1132 512 1253 570 fuit
1307 512 1407 572 vel
1460 513 1623 588 apud
1678 513 2109 588 Epicharmum
2164 515 2264 573 vel

224 601 388 677 apud
432 600 804 676 Alcmanem,
850 621 971 661 non
1016 601 1210 678 magis
1259 620 1443 676 quam
1487 602 1551 659 in
1586 601 1849 662 Pindaro
1887 604 2270 680 grammatici

221 693 616 768 agnoverunt,
655 690 758 749 sed
798 693 888 747 est
927 690 1214 750 sermonis
1253 691 1448 749 forma
1485 691 1580 749 vel
1611 691 1781 766 epica
1808 693 1905 750 vel
1933 693 2265 751 communis

223 780 460 854 poetica
526 797 663 837 cum
717 778 939 837 Dorica
1004 781 1065 837 et
1129 798 1201 838 ex
1257 779 1476 856 exigua
1538 784 1712 855 parte
1779 781 1964 840 etiam
2015 780 2268 841 Aeolica

220 869 577 943 temperata,
624 867 1001 944 maximeque
1049 871 1331 927 accentus
1368 869 1649 945 vulgares
1697 873 1856 928 sunt.
1939 873 2000 928 A
2038 874 2128 929 est
2154 889 2263 945 pro

222 959 294 1016 H
328 958 394 1015 in
439 957 762 1032 plerisque,
808 956 914 1015 ubi
959 957 1138 1015 Doris
1183 959 1354 1015 illam
1399 959 1668 1017 vocalem
1713 958 1998 1032 habebat3
2044 959 2264 1018 habere

223 1048 430 1104 autem
486 1045 667 1104 solita
721 1047 812 1104 est
868 1045 1052 1104 etiam
1095 1046 1161 1104 in
1206 1044 1405 1123 Ζηνός
1469 1044 1675 1126 εἰρήνα
1731 1041 2029 1125 Ἀλκμήνα
2073 1051 2264 1125 μῆλον

224 1126 503 1215 („ovis“).
599 1133 716 1192 Sed
759 1137 1072 1210 praeterea
1116 1134 1510 1210 Bacchylides
1558 1136 1780 1195 similes
1839 1155 2015 1195 sonos
2061 1136 2263 1196 vitans

224 1223 616 1283 dissimilesve
654 1226 919 1282 sectatus
941 1221 1122 1301 φήμα
1159 1224 1305 1283 dicit
1342 1243 1414 1282 ex
1448 1223 1593 1283 Iade
1633 1228 1694 1283 et
1728 1224 1954 1284 Doride
1991 1224 2265 1300 mixtum,

223 1313 368 1372 item
413 1311 805 1391 κυβερνήτας,
852 1309 1085 1390 ἀδμήτα
1130 1313 1234 1372 sed
1270 1309 1542 1390 ἄδματοι,
1587 1314 1796 1396 λῃσταί
1837 1314 1940 1391 sed
1986 1315 2146 1391 λαΐς,
2193 1317 2267 1372 ut

222 1402 296 1460 ab
344 1420 416 1461 ea
473 1402 687 1480 regula
735 1394 966 1460 Ἀθάνα
1028 1405 1272 1460 tantum
1334 1404 1394 1460 et
1451 1395 1706 1460 Ἀθᾶναι
1770 1404 1830 1460 et
1888 1402 2199 1481 προφάτας
2211 1394 2264 1483 2)

223 1490 571 1550 dissideant.
665 1489 786 1549 Gur
832 1493 969 1565 post
1016 1490 1048 1561 ζ
1089 1513 1128 1567 η
1174 1490 1507 1566 praeferat,
1563 1489 1788 1564 nescio,
1847 1491 1951 1549 sed
1997 1495 2156 1549 certe
2205 1493 2266 1549 et

224 1579 393 1650 ζᾶλος
441 1578 817 1657 Πολύζαλος,
874 1579 1022 1638 item
1070 1579 1296 1659 Τροζάν
1343 1579 1613 1638 doricum
1658 1582 1749 1637 est
1795 1583 1856 1638 et
1893 1580 2055 1655 apud
2099 1580 2260 1638 hunc

229 1687 463 1744 semper
498 1665 773 1745 ἐπίζηλος
799 1668 1131 1745 πολύζηλος
1159 1666 1569 1744 πολυζήλωτος
1598 1668 1914 1747 Τροιζηνία
1941 1666 2127 1745 (XVI,
2150 1670 2261 1746 58)

225 1760 480 1816 exstant.
570 1757 848 1833 Denique
902 1757 1214 1837 παρηΐδων
1268 1757 1429 1833 XVI,
1463 1759 1563 1833 13,
1629 1759 1699 1814 ut
1759 1757 1919 1832 apud
1972 1758 2265 1835 tragicos;

222 1847 495 1907 doricum
561 1849 651 1905 est
713 1845 912 1925 παράα
976 1847 1074 1906 vel
1140 1840 1357 1929 παρᾴα.
1471 1849 1526 1904 Τ
1582 1845 1852 1905 doricum
1915 1865 2025 1922 pro
2082 1850 2144 1905 Σ
2202 1848 2267 1906 in

220 1935 575 1996 universum
647 1954 766 1994 non
839 1939 1149 2012 receptum
1222 1939 1339 2009 est3
1423 1935 1633 2011 itaque
1698 1935 1802 2014 σύ,
1866 1922 2004 1996 Ποη’
2049 1936 2120 1997 τύ
2195 1940 2269 1997 ut

223 2009 400 2100 s‘aepe
458 2024 622 2100 apud
675 2024 1004 2083 Pindarum
1059 2018 1205 2107 (nisi
1262 2025 1425 2102 quod
1481 2025 1671 2083 dativi
1733 2026 2007 2084 enclitica
2069 2027 2266 2085 forma

223 2135 312 2175 τοι
369 2116 485 2189 est,
545 2132 729 2189 quam
785 2114 982 2173 ionica
1038 2133 1277 2190 quoque
1337 2113 1630 2173 dialectus
1692 2114 1899 2190 habet,
1967 2117 2028 2172 et
2085 2111 2266 2195 ὀρθο-

221 2199 556 2281 τονουμένη
619 2203 803 2261 semel
857 2203 1054 2261 dorice
1100 2187 1213 2278 τῗν,
1259 2203 1451 2278 XVII,
1500 2195 1629 2284 14),
1696 2205 1756 2261 et
1819 2204 1884 2261 in
1946 2203 2268 2263 verborum

218 2292 402 2351 tertia
458 2291 682 2366 plurali
733 2292 1088 2368 plerumque
1144 2283 1332 2372 -σι(ν)
1349 2335 1366 2368 ,
1429 2295 1499 2350 ut
1552 2292 1762 2368 φασίν,
1816 2291 1958 2369 εἰσί,
2014 2291 2265 2371 ἴσχουσι,

223 2380 478 2459 οἰκεῦσι,
541 2383 603 2439 et
664 2381 728 2438 in
793 2381 998 2439 eadem
1063 2380 1356 2458 singulari
1418 2377 1638 2457 ἐφίησι.
1733 2380 1850 2439 Sed
1910 2381 2267 2441 observatur

226 2470 386 2545 quod
460 2469 847 2528 antecedente
915 2486 950 2529 6
1016 2462 1105 2551 (ξ)
1179 2469 1361 2528 tertia
1432 2470 1684 2544 pluralis
1755 2470 1821 2528 in
1884 2491 2043 2529 -οντι
2117 2472 2264 2529 exit:

224 2558 544 2619 πτάσσοντι
589 2559 662 2634 V,
694 2561 795 2633 22,
832 2558 1150 2638 καρύξοντι
1186 2558 1320 2633 XII,
1352 2559 1507 2631 2313
1554 2559 1700 2617 item
1736 2559 1788 2617 si
1825 2559 2100 2618 elidenda
2138 2561 2270 2618 erat

222 2648 447 2706 vocalis
467 2693 483 2722 ,
571 2665 751 2723 quam
833 2648 1140 2706 elisionem
1227 2646 1551 2722 respuebat
1630 2640 1943 2727 -ουσι(ν);
2029 2640 2262 2707 σεύοντ’

224 2736 415 2812 XVII,
451 2738 551 2810 10,
598 2729 874 2816 βρίθοντ’
924 2737 1037 2814 frg.
1077 2739 1136 2811 4,
1171 2737 1278 2809 173
1319 2739 1527 2795 contra
1563 2753 1776 2796 -ουσιν
1815 2739 1905 2795 est
1929 2736 2265 2795 necessario

229 2825 329 2900 IX,
362 2827 445 2883 45
487 2820 805 2897 αὔξουσιν
841 2822 922 2884 τὸ.
997 2825 1319 2884 Praeterea
1345 2825 1492 2883 haec
1522 2828 1662 2883 sunt
1690 2824 1915 2884 dorica:
1964 2821 2265 2898 εὐκλέϊξας

228 2914 329 2990 VI,
366 2916 468 2988 16,
526 2912 721 2984 δοίαξε
767 2913 838 2988 Χ,
879 2915 981 2989 87,
1036 2912 1358 2986 παιάνιξαν
1411 2913 1571 2988 XVI,
1614 2916 1767 2986 1293
1824 2912 2153 2972 infinitivus
2200 2914 2267 2972 in

225 3023 319 3062 -εν
366 3003 718 3079 aliquoties:
763 2999 973 3081 ἐρύκεν
1005 2994 1145 3083 (hoc
1174 2994 1450 3083 accentu)
1489 3002 1648 3077 XVI,
1678 3005 1782 3077 41,
1828 3000 1982 3061 θύεν
2018 3002 2147 3078 XV,
2181 3004 2263 3061 18

231 3088 296 3172 (ὖ
333 3096 405 3151 ut
435 3091 596 3167 apud
622 3091 954 3150 Homerum
978 3091 1315 3150 Pindarum
1344 3083 1541 3172 alios),
1572 3090 1732 3170 ἴσχεν
1762 3083 2265 3172 (monstrantibus

225 3173 513 3261 numeris)
562 3180 721 3256 XVI,
754 3182 856 3256 88,
905 3180 1208 3257 φυλάσσεν
1254 3180 1478 3256 XVHI,
1510 3181 1612 3255 25,
1661 3179 1765 3238 sed
1801 3198 1993 3253 neque
2032 3197 2267 3256 semper

230 3261 565 3350 (λαγχάνειν
627 3267 744 3328 ἀπὸ
798 3270 903 3345 IV,
943 3267 1058 3349 20)
1114 3289 1307 3345 neque
1364 3288 1633 3344 unquam
1689 3288 1725 3327 a
1780 3266 1977 3326 verbis
2032 3269 2096 3327 in
2155 3266 2262 3330 -έω

228 3542 311 3596 Th
398 3477 450 3542 1)
490 3472 642 3528 Gott.
684 3472 803 3529 Gel.
843 3474 981 3530 Anz.
1023 3479 1160 3528 1898
1198 3493 1252 3545 p.
1296 3481 1398 3528 152
1440 3491 1559 3542 sqq.
1726 3477 1780 3542 2)
1817 3471 2042 3528 Monuit
2076 3474 2135 3528 F.
2175 3474 2265 3529 W.

313 3561 489 3600 omas.
