2622 3960
883 161 1202 252 ‘CARMEN
1238 165 1304 215 x,
1346 160 1490 232 [XL]
2129 161 2214 225 83

266 351 306 395 >
395 326 619 406 κῶμοί
660 346 731 388 τε
777 322 888 389 καὶ
936 323 1355 410 εὐφροσύναι
1402 326 1729 408 θεότιμον
1775 325 1970 389 ἄστυ·

398 429 690 512 ὑμνεῦσι
738 426 814 495 δὲ
862 433 1295 495 Πυθιόνικον

489 536 699 601 παῖδα
744 537 1006 620 θαητὸν
1057 540 1377 601 Φαΐσκου.

235 658 304 706 15
398 639 559 729 ἵλεῳ
607 666 721 708 νιν
769 643 804 708 ὁ
853 643 1245 727 Δαλογενὴς
1289 644 1395 707 υῑ-
1980 645 2117 710 ἀντ.
2157 643 2217 710 α’

468 726 568 826 Ἐς
611 752 1041 832 βαθυζώνοιο
1087 753 1354 826 Λατοῦς

403 854 599 921 δέκτο
645 853 1009 943 β’λεφάρῳ·
1055 855 1290 933 πολέες

495 960 554 1027 δ’
603 960 766 1047 ἄμφ’
813 960 1250 1046 Ἀλεξίδαμον
1274 961 1568 1051 ’ἄνθε’ῳν

404 1067 481 1132 έν
524 1069 734 1157 πεδίῳ
784 1068 1103 1153 στέφανοι

233 1191 307 1238 20
493 1178 752 1262 Κίρρας
799 1178 1041 1241 ἔπεσον
1084 1184 1407 1261 κρατερᾶς

317 1331 360 1378 >
492 1276 625 1367 ’ἦρα
668 1286 1023 1348 παννίκοιο
1070 1282 1310 1358 πάλας·

403 1387 531 1452 οὐκ
578 1383 722 1453 εἶδέ
762 1413 876 1454 νιν
923 1389 1143 1465 ἀέλιος

400 1498 604 1582 κείνῳ
651 1518 728 1579 γε
776 1498 907 1560 σὺν
953 1498 1149 1580 ἄματι
1196 1492 1366 1583 πρὸς
1412 1498 1571 1581 γαίᾳ
1614 1497 1922 1560 πεσόντα.

403 1601 601 1684 φάσω
650 1597 726 1666 δὲ
771 1600 883 1667 καὶ
931 1602 1006 1667 ἐν
1052 1600 1319 1682 ζαθέοις

230 1725 303 1773 25
498 1707 711 1790 ἁγνοῦ
761 1708 1069 1786 Πέλοπος
1117 1708 1434 1786 δαπέδοις

391 1813 686 1901 Ἀλφεᾲν
729 1817 910 1902 παρὰ
953 1819 1340 1902 καλλιρόαν,
1387 1818 1577 1893 δίκας
1622 1814 1956 1885 κέλευθον,

403 1923 466 1987 εἰ
512 1924 603 2007 μή
648 1946 749 2000 τις
795 1919 1189 2010 άπέτ’ραπεν
1236 1922 1480 2010 ὀρθᾶς,

495 2027 799 2117 παγξένῳ
846 2033 1083 2115 χαίταν
1130 2029 1319 2117 ἐλαία

401 2139 664 2223 γλαυκᾷ
711 2137 1317 2221 στεφανωσάμενον
2027 2135 2121 2200 ἐπ.
2160 2132 2222 2200 α’

231 2261 306 2308 30
403 2240 913 2329 πορτιτ“ρόφ[ον
960 2241 1045 2307 ἂν
1089 2244 1330 2308 πεδίον
1374 2241 1664 2327 πάτ]ραν
1709 2239 1779 2306 θ’
1829 2239 2117 2326 ἱκέσθαι,

401 2452 586 2520 παῖδ’
634 2453 710 2519 ἐν
756 2452 960 2539 χθονὶ
1006 2456 1380 2541 καλλιχόρῳ

269 2582 340 2636 >
403 2564 742 2637 ποικίλαις
788 2557 1067 2645 τέχ’ναις
1112 2559 1461 2626 πέλασσεν.

404 2665 550 2731 ἀλλ’
596 2666 637 2751 ἢ
685 2668 847 2744 θεὸς
895 2673 1135 2751 αἴτιος,
1181 2666 1223 2750 ’ἢ

242 2792 309 2840 35
404 2784 667 2858 γνῶμαι
714 2771 1233 2857 πολύπιλαγκτοι
1278 2777 1546 2860 βροτῶν

497 2880 793 2965 ἄμερσαν
837 2878 1212 2966 ὑπέρτατον
1260 2878 1333 2944 ἐκ
1378 2889 1624 2966 χειρῶν
1667 2879 1882 2967 γέρας.

325 3115 390 3161 21
430 3104 702 3162 παννίκοι
759 3123 862 3162 em.
911 3108 977 3161 K.
1052 3101 1197 3176 Ἦρα
1236 3135 1304 3153 =
1343 3105 1536 3177 χάριν,
1591 3111 1657 3162 ut
1703 3125 1791 3177 ap.
1838 3107 2222 3177 Pherecydem

194 3174 294 3248 ἦρα
329 3178 470 3233 ἴσθι.
500 3210 572 3219 -
600 3184 669 3231 24
707 3176 773 3233 δέ
808 3175 862 3232 κ’
899 3177 990 3231 ἐπὶ
1028 3179 1099 3248 (A
1132 3183 1238 3249 pr.)
1267 3179 1572 3247 Housman,
1611 3182 1677 3233 ut
1706 3195 1821 3233 non
1847 3177 1966 3232 iam
1992 3195 2221 3234 necesse

191 3251 265 3304 sit
297 3269 357 3305 κε
392 3248 484 3303 vel
522 3246 597 3304 ἂν
631 3267 682 3303 v,
713 3255 807 3317 303
847 3249 946 3303 sed
985 3253 1180 3319 aptum
1216 3251 1332 3315 καὶ,
1369 3266 1553 3318 neque
1588 3249 1759 3319 plane
1789 3253 1985 3319 aptum
2013 3249 2120 3304 ἐπὶ.
2150 3283 2221 3291 -

198 3328 258 3375 30
303 3321 357 3383 ἐς
399 3318 591 3391 χθόνα
628 3318 683 3374 κ’
728 3317 1055 3390 εὐτυχέονθ’
1098 3321 1245 3376 Jebb
1294 3321 1430 3390 (K),
1481 3318 1725 3375 Ἰταλίαν
1772 3319 2012 3375 νικῶνθ’
2065 3322 2223 3376 Platt

191 3392 277 3462 (cf.
316 3392 386 3446 ad
423 3395 531 3461 24).
578 3423 650 3431 -
706 3397 771 3444 31
811 3392 968 3445 velut
1012 3392 1298 3448 ἀντιπάλῳ
1348 3389 1439 3445 δύ’
1477 3391 1611 3445 ἐπεὶ.
1670 3422 1736 3430 -
1794 3397 1861 3444 32
1900 3394 2103 3448 παῖὸεἳ
2152 3425 2219 3433 —-

193 3469 261 3516 33
293 3461 544 3553 vfxvongl
575 3461 642 3515 ef.
672 3461 790 3531 XII,
820 3468 906 3516 49.
945 3463 1104 3518 Pind.
1137 3463 1222 3518 Ol.
1252 3463 1348 3532 IX,
1378 3467 1461 3515 91.
1491 3494 1563 3502 -
1590 3466 1658 3514 35
1695 3465 2077 3534 πολυπλαγκοι
2115 3480 2220 3519 em.

195 3533 260 3588 Κ.
296 3567 359 3575 -
397 3540 465 3588 36
507 3549 756 3601 αμερσαν
791 3532 1016 3586 Palmer
1050 3535 1177 3605 (K).

1830 3622 1901 3676 6*
