2622 3960
1011 215 1442 271 PRAEFATIO.
2122 218 2247 273 XLI

211 384 437 460 quippe
504 385 634 443 erat
703 384 767 442 in
839 384 922 443 eis
989 387 1051 443 et
1112 381 1284 464 λόγος
1351 376 1571 466 (ἠρά-)
1638 388 1700 444 et
1761 385 1899 445 inde
1963 405 2000 445 a
2063 386 2246 447 tertia

210 472 448 549 syllaba
495 468 693 549 ἄοίδας
738 476 873 532 tum
910 492 947 532 a
981 473 1244 533 metricis
1291 472 1371 531 ad
1416 491 1515 533 eos
1560 492 1765 533 versus
1811 478 1902 534 est
1946 476 2246 552 traducta,

209 580 364 637 quae
425 563 567 638 post
635 561 905 637 dactylos
978 563 1076 621 vel
1151 566 1507 637 anapaestos
1568 563 1880 623 trochaeos
1941 563 2246 625 iambosve

207 649 517 709 haberent.
630 649 746 709 Sed
817 651 881 708 in
951 646 1195 731 ἄριστον
1257 646 1365 728 μὲν
1430 650 1592 729 ὕδωρ
1661 648 1694 710 6
1751 648 1813 711 δὲ
1885 653 2091 713 nullus
2156 656 2249 712 est

208 739 517 815 dactylus,
588 738 692 798 sed
753 739 938 798 iambi
1000 739 1389 815 trochaeique
1454 740 1786 800 coniuncti:
1861 761 2045 817 quam
2117 742 2243 818 opi-

209 828 452 887 nionem
499 831 561 887 et
604 827 897 887 Henricus
943 828 1104 887 Weil
1150 846 1288 887 cum
1332 828 1646 888 Francisco
1695 828 1992 888 Susemihl
2037 834 2247 890 contra

210 916 659 992 Westphalium
717 919 1061 976 constanter
1115 917 1311 976 tenuit
1368 920 1430 976 et
1481 917 1979 994 Argentoratensi
2033 919 2243 979 disser-

208 1005 442 1065 tatione
479 1004 745 1064 defendit
773 1025 844 1064 ex
873 1004 1271 1065 Studemundi
1298 1005 1615 1081 disciplina
1641 1007 1945 1082 profectus
1982 1008 2029 1066 1.
2059 1008 2246 1067 Luth-

208 1113 337 1153 mer
348 1086 400 1176 ¹)
452 1097 515 1153 et
540 1094 1038 1153 Wilamowitzius
1077 1093 1406 1153 identidem
1432 1095 1732 1170 professus
1762 1099 1868 1155 est.
1952 1096 2248 1155 Pusillum

210 1183 374 1241 enim
418 1184 688 1259 iuterest,
733 1186 938 1242 utrum
982 1183 1067 1242 sic
1105 1183 1364 1243 dividas:
1411 1179 1511 1262 ἅρι
1538 1219 1567 1228 -
1598 1200 1739 1244 στον
1784 1181 1892 1263 μὲν
1919 1220 1949 1229 -
1979 1184 2141 1263 ὕδωρ
2161 1222 2190 1230 -
2211 1181 2244 1245 6

215 1268 308 1349 δὲ,
355 1290 438 1330 an
485 1271 595 1330 sic:
648 1267 889 1351 ἄριστον
936 1268 1258 1350 μὲν-ὕδωρ
1307 1267 1339 1330 6
1388 1267 1484 1349 δὲ,
1531 1291 1610 1331 an
1657 1273 1912 1349 denique
1960 1273 2068 1332 sic:
2116 1270 2248 1354 ἄρι-

212 1377 353 1420 στον
418 1356 528 1439 μὲν
592 1359 756 1440 ὕδωρ
785 1396 813 1405 -
843 1356 876 1420 6
933 1357 1014 1421 δὲ.
1114 1359 1450 1438 Περιόδους
1515 1360 1640 1420 sive
1705 1358 2036 1433 συνθέτους
2099 1358 2249 1421 κατὰ

209 1448 496 1529 περίοδον
536 1447 993 1528 ὃωδεκασήμους
1028 1450 1174 1509 haec
1212 1452 1590 1526 cognataque
1628 1449 1828 1509 omnia
1865 1451 1996 1509 cola
2032 1454 2249 1510 vocata

211 1557 336 1598 esse
367 1541 431 1597 et
457 1538 752 1597 Aristides
783 1537 1188 1607 Quintilianus
1231 1540 1493 1597 testatur
1539 1533 1630 1614 (p.
1681 1540 1763 1597 37
1813 1557 1898 1614 sq.
1927 1532 2135 1620 Meib.)
2185 1543 2247 1598 et

213 1626 560 1703 saepissime
630 1627 857 1686 scholia
917 1627 1263 1701 Pindarica3
1337 1626 1568 1686 reditur
1630 1627 1790 1686 enim
1853 1647 1890 1686 a
1950 1628 2250 1687 trochaeis

212 1716 502 1775 immixtis
550 1716 630 1775 ad
673 1716 900 1775 iambos
946 1717 1044 1776 vel
1090 1719 1318 1792 contra,
1363 1716 1572 1791 utique
1617 1716 1682 1774 in
1725 1717 1996 1793 longiore
2043 1736 2251 1776 eorum

216 1807 486 1865 colorum
542 1805 1016 1879 continuatione3
1082 1824 1270 1881 quare
1327 1805 1512 1864 etiam
1565 1805 1629 1862 in
1681 1805 2026 1865 Aristoxeni
2090 1806 2251 1883 fiag-

214 1895 436 1954 mentis
485 1891 917 1953 oxoniensibus
962 1892 1317 1972 περιοδῶδές
1362 1915 1417 1953 τι
1451 1895 1730 1969 vocatur,
1785 1894 1890 1953 ubi
1934 1914 1970 1954 a
2018 1894 2252 1970 syllaba

217 1982 483 2068 τρισήμῳ
515 1975 716 2065 (quasi
743 1984 1009 2043 trochaei
1035 1984 1234 2044 locum
1261 1974 1596 2065 obtinente)
1636 2003 1913 2044 numerus
1949 1986 2251 2060 profectus

216 2076 356 2149 post
409 2075 614 2133 ternos
670 2073 900 2132 iambos
957 2072 1035 2131 ad
1089 2072 1297 2132 eadem
1355 2072 1529 2132 redit.
1623 2071 1810 2132 Colon
1854 2070 2096 2152 ἄριστον
2143 2070 2253 2152 μὲν

216 2162 381 2241 ὕδωρ
431 2157 464 2221 6
513 2158 576 2221 δὲ
623 2161 698 2220 ab
742 2161 1009 2220 Aristide
1057 2165 1120 2220 et
1162 2162 1226 2220 in
1282 2161 1523 2221 scholiis
1576 2165 1827 2221 vocatur
1871 2162 2087 2241 ἴαμβος
2133 2160 2249 2223 ἀπὸ

218 2249 521 2330 βακχείου,
567 2250 603 2308 i.
643 2270 691 2309 e.
740 2251 914 2311 colon
956 2250 1281 2309 iambicum
1327 2250 1403 2309 ab
1451 2251 1785 2327 antispasto
1820 2251 2128 2328 incipienS,
2176 2252 2253 2310 ab

216 2340 322 2399 illo
386 2342 701 2414 praeterea
766 2336 943 2417 μέσος
1005 2341 1306 2418 βακχεῖος,
1360 2340 1399 2397 i.
1456 2359 1504 2398 e.
1563 2340 1938 2399 choriambus
2001 2341 2252 2418 singulis

216 2428 432 2488 iambis
480 2428 896 2503 interpositus;
951 2447 1164 2503 nempe
1221 2432 1283 2487 et
1337 2427 1705 2504 antispastus
1762 2432 1825 2488 et
1878 2430 2253 2489 choriambus

217 2521 278 2576 et
322 2517 508 2577 ionici
553 2517 817 2593 antiquis
854 2517 1095 2576 musicis
1133 2516 1394 2597 βακχεῖοι
1431 2516 1772 2576 audiebant.
1853 2518 2000 2577 Inde
2036 2537 2253 2577 nomen
2279 2541 2280 2544 ¹

219 2608 676 2682 bacchiacorwm,
723 2606 884 2681 quod
927 2606 1192 2665 metricis
1236 2605 1445 2665 latinis
1490 2606 1743 2665 testibus
1755 2598 1807 2686 ²)
1856 2608 1918 2665 et
1962 2606 2251 2665 choriam-

216 2695 366 2755 bicis
414 2698 477 2754 et
531 2694 839 2772 glyconeis
900 2694 1235 2770 antiquitus
1298 2694 1699 2770 tribuebatur,
1763 2712 1955 2770 neque
2020 2695 2252 2770 aptiore

216 2784 458 2844 nomine
505 2802 677 2843 omne
713 2783 778 2841 id
814 2802 1000 2860 genus
1038 2783 1111 2842 de
1148 2803 1270 2859 quo
1307 2802 1468 2842 nunc
1504 2784 1738 2861 agimus
1775 2784 2254 2859 complectemur,

224 2892 409 2948 quam
455 2869 519 2931 τὸ
565 2869 715 2932 κατὰ
760 2872 1035 2952 βακχεῖον
1071 2864 1231 2943 εἶδος
1269 2873 1661 2949 appellanteS,
1704 2891 1823 2947 quo
1861 2872 1983 2930 fere
2021 2871 2251 2930 Aristo-

221 2981 405 3021 xenus
456 2981 692 3037 quoque
738 2980 880 3020 usus
928 2979 1054 3020 esse
1100 2960 1357 3020 videtur.
1368 2954 1419 3044 3)

397 3051 614 3126 Itaque
668 3049 1046 3125 Bacchylidis
1104 3068 1341 3108 carmen
1396 3049 1809 3124 secundum,
1874 3047 2034 3123 quod
2097 3046 2257 3106 inter

223 3140 422 3198 omnia
469 3138 935 3214 simplicissimos
980 3157 1257 3198 numeros
1299 3139 1497 3216 habet,
1536 3159 1567 3198 e
1606 3136 2047 3215 δωδεκασήμοις
2082 3156 2251 3212 prae-

405 3309 459 3377 1)
494 3306 538 3361 Ι.
574 3306 862 3376 Luthmer,
901 3307 972 3361 de
1008 3305 1336 3361 choriambo
1375 3309 1434 3361 et
1468 3306 1655 3361 ionico
1694 3322 1729 3360 a
1764 3305 1980 3359 minore
2018 3304 2256 3359 diiambi

225 3377 349 3433 loco
388 3376 610 3448 positis,
648 3378 943 3448 Argentor.
987 3382 1142 3433 1885.
1328 3381 1383 3447 2)
1420 3377 1631 3432 Marius
1672 3376 1882 3431 Victor.
1921 3395 1975 3446 p.
2016 3382 2137 3446 127,
2167 3382 2250 3431 25.

228 3454 346 3518 149,
377 3454 462 3503 32.
539 3447 768 3503 Caesius
814 3449 1022 3502 Bassus
1070 3454 1195 3530 259,
1222 3454 1272 3504 2.
1329 3455 1451 3518 263,
1482 3455 1564 3503 23.
1617 3454 1738 3517 268,
1768 3453 1851 3502 21.
2036 3450 2090 3518 3)
2142 3452 2258 3502 Τοῦ

227 3493 490 3592 βακχείαν
530 3522 617 3574 est
651 3519 713 3573 in
741 3520 854 3610 frg.
897 3493 1227 3588 Oxoniensi,
1266 3519 1530 3574 antecedi
1595 3536 1667 3573 ue
1703 3491 1917 3574 ibidem
1954 3519 2024 3573 de
2061 3519 2258 3574 eodem

229 3606 459 3645 numero
498 3591 585 3663 [τὸ
622 3590 768 3645 κατὰ
806 3593 1071 3664 βακχεῖον
1108 3589 1481 3663 καλουμε]νον
1520 3609 1545 3646 ε
1572 3592 1684 3654 doc.
