2622 3960
1020 203 1449 259 PRAEFATIO.
2078 205 2260 260 XXXI

219 390 469 429 numero
514 371 714 430 minus
755 371 1047 430 convenit.
1063 364 1111 449 l)
1183 372 1300 432 Hic
1339 376 1431 431 est
1466 370 1614 432 κατὰ
1653 372 1945 434 δάκτυλον
1972 394 2258 434 numerus

222 460 295 518 ab
340 459 747 535 Aristophane
804 465 1331 536 commemoratUS‚
1396 463 1786 538 exemplaque
1844 466 1905 521 et
1956 464 2139 523 huius
2197 468 2261 523 et

221 549 486 625 enhoplii
540 548 775 608 numeri
830 549 1201 624 praebebant
1255 506 1411 610 dliae
1468 551 1803 610 cantilenae
1864 552 2149 629 antiquae
2195 553 2259 611 in

220 637 425 697 eadem
468 637 740 696 Nubium
793 637 1001 697 fabula
1059 632 1140 720 (v.
1192 631 1350 721 967)
1408 641 1658 715 allatae,
1716 642 1909 700 altera
1967 642 2258 717 incipiens

222 723 565 806 Τηλέπορόν
601 749 657 786 τι
692 718 908 809 βόΙαμα
944 727 1200 807 λύρας..
1278 772 1329 806 .,
1367 729 1559 788 altera
1586 729 1874 789 Παλλάδα
1907 728 2259 809 περσέπολιν

221 807 441 898 δειΙνὰν
506 813 657 875 θεὸν
722 813 1158 896 ἐγρεκύδοιμον.
1259 818 1487 876 Verum
1540 819 1591 878 is
1641 819 1953 895 enhoplius
2015 820 2259 896 quibus-

217 923 359 963 nam
412 905 593 964 rebus
649 904 722 964 ab
778 906 958 965 heroo
1016 907 1257 966 differat
1309 907 1574 966 nondum
1620 908 1769 967 satis
1817 909 2260 985 explicavimus.

212 986 532 1055 Ἐνόπλιον
587 993 879 1067 ξύνθετον
936 999 1114 1055 vocat
1164 995 1373 1072 Plato,
1429 996 1591 1072 quod
1643 1016 1764 1056 non
1819 1000 2021 1073 potest
2075 998 2257 1075 signi-

217 1083 394 1142 ficare
424 1102 499 1141 ex
527 1084 877 1159 aequalibus
908 1084 1138 1160 aliquid
1165 1085 1438 1160 partibus
1470 1087 1865 1162 compositum
1886 1119 1970 1127 -
1992 1106 2062 1146 ea
2102 1088 2260 1145 enim

219 1173 456 1232 ratione
531 1172 716 1231 etiam
786 1173 1002 1233 herous
1072 1193 1352 1233 numerus
1418 1174 1874 1250 dactylicusque
1939 1179 2000 1234 et
2063 1176 2259 1251 quivis

223 1262 376 1320 alius
431 1261 710 1333 ξύνθετοι
756 1264 929 1320 erant
975 1263 1316 1337 dicendi—,
1363 1264 1467 1322 sed
1513 1283 1585 1322 ex
1631 1264 1898 1324 diversis.
1993 1263 2091 1323 Sic
2146 1264 2258 1340 igi-

219 1353 322 1409 tm·
366 1351 418 1409 si
468 1350 766 1410 diviseris:
815 1358 997 1428 μῆνιν
1042 1343 1219 1433 decide
1263 1349 1382 1411 θεὰ
1430 1344 1599 1433 ΠηΙΙ,
1643 1350 1919 1412 ἐνόπλιον
1965 1352 2259 1425 ξύνθετον

217 1439 483 1514 habebiS,
531 1442 905 1498 constantem
951 1460 981 1499 e
1031 1440 1258 1499 duabus
1305 1441 1581 1516 partibus
1630 1440 1861 1499 ambitu
1907 1441 2260 1516 aequalibus

222 1520 529 1609 (senorum
575 1527 733 1586 enim
779 1531 919 1588 sunt
962 1522 1348 1610 temporum),
1394 1529 1500 1588 sed
1543 1529 1737 1588 forma
1772 1529 1947 1589 valde
1995 1530 2262 1589 diversis,

221 1616 394 1676 Hanc
452 1620 658 1675 autem
713 1636 839 1676 esse
896 1618 1250 1678 divisionem
1296 1637 1333 1676 a
1379 1619 1640 1677 metricis
1687 1619 2037 1694 prosodiaco
2086 1637 2263 1693 quem

223 1709 443 1766 vocant
489 1704 821 1765 adhibitam
868 1725 1049 1783 supra
1085 1707 1364 1782 vidimus,
1411 1707 1787 1783 similemque
1823 1707 2119 1766 Bacchius
2159 1707 2259 1766 ad-

221 1794 386 1854 hibet
441 1814 692 1854 numero
752 1814 928 1871 quem
982 1796 1086 1854 ille
1143 1796 1490 1872 enhoplium
1553 1797 1724 1855 dicit:
1791 1788 1837 1856 ὦ
1891 1794 1995 1856 τὸν
2050 1796 2262 1867 πίτυος

225 1880 551 1961 στέφανον;
610 1888 881 1943 constare
939 1885 1099 1943 enim
1156 1885 1244 1944 ait
1299 1905 1373 1943 ex
1426 1886 1625 1945 iambo
1688 1889 1749 1944 et
1802 1885 2146 1962 pyrrhichio
2203 1889 2264 1944 et

229 1975 509 2034 trochaeo
558 1976 618 2033 et
663 1973 879 2034 iambo.
971 1974 1201 2034 Rursus
1238 1973 1465 2034 Marius
1503 1974 1849 2035 Victorinus
1889 1975 1960 2035 de
1995 1975 2262 2035 membro

219 2108 256 2117 -
294 2091 332 2116 o
365 2090 404 2116 0
437 2109 474 2117 -
510 2090 549 2116 υ
582 2092 622 2116 υ
655 2109 690 2117 -
727 2109 762 2118 -
789 2064 937 2122 haec
966 2064 1206 2123 disserit
1235 2057 1319 2145 (p.
1347 2056 1609 2145 73,33):
1639 2067 1973 2139 appellatur
2000 2067 2259 2139 quadru-

215 2170 327 2226 pes
356 2150 818 2230 δυωδεκᾶσημος
845 2152 1143 2233 περίοδος,
1173 2171 1233 2213 eo
1262 2155 1416 2227 quod
1443 2158 1716 2227 quattuor
1730 2156 1914 2228 pedes
1942 2158 2264 2228 temporum

221 2242 524 2301 duodecim
560 2244 733 2314 quasi
765 2260 882 2316 per
909 2245 1215 2302 circuitum
1251 2244 1545 2316 quendam
1570 2248 1931 2303 recurrentes
1959 2246 2259 2302 contineat.

220 2328 409 2389 Pedes
458 2332 599 2388 sunt
632 2376 669 2385 -
704 2358 741 2383 υ
761 2375 775 2399 ,
811 2357 1103 2400 υυυυυ
1122 2376 1136 2400 ,
1175 2376 1209 2384 ..
1245 2356 1318 2400 υς
1354 2331 1741 2390 manifestum
1778 2335 1983 2391 autem
2011 2335 2104 2391 est
2139 2351 2262 2391 non

222 2419 611 2478 metricorum
655 2419 999 2495 vulgarium
1046 2438 1172 2478 esse
1225 2419 1374 2479 haec
1428 2424 1775 2497 praecepta,
1831 2421 1935 2480 sed
1992 2421 2263 2480 admixta

224 2526 347 2566 esse
412 2507 804 2583 musicorum,
869 2528 1126 2585 quorum
1190 2512 1322 2567 erat
1383 2510 1746 2568 vocabulum
1809 2509 2084 2589 περίοδος
2148 2510 2260 2569 1100

220 2615 425 2672 5011511,
489 2599 561 2654 ut
623 2599 929 2656 ternorum
985 2600 1486 2674 quaternorumve
1554 2599 1777 2675 pedum
1847 2599 2261 2674 inaequalium

221 2684 703 2744 coniunctionem
768 2687 1135 2764 significaret
1148 2732 1162 2761 ,
1225 2689 1396 2746 velut
1460 2688 1876 2747 trochaeorum
1950 2688 2137 2745 trium
2200 2690 2262 2745 et

221 2774 406 2833 iambi
470 2773 663 2833 unius,
765 2776 855 2835 Eo
931 2776 1089 2834 enim
1146 2794 1325 2835 sensu
1380 2779 1440 2835 et
1497 2777 1656 2852 apud
1710 2776 2040 2835 Aristidem
2104 2795 2259 2835 com·

220 2866 393 2938 paret
439 2866 502 2922 et
546 2863 610 2921 in
656 2864 894 2923 scholiis
940 2864 1272 2924 Pindaricis
1322 2869 1383 2924 et
1426 2866 1490 2924 in
1534 2865 1868 2943 insignibus
1915 2864 2262 2924 Aristoxeni

220 2952 592 3029 fragmentiS,
650 2972 803 3028 quae
851 2973 923 3012 ex
966 2954 1277 3013 ruderibus
1318 2952 1701 3030 Oxyrhynchi
1749 2956 1919 3012 eruta
1965 2973 2002 3013 a
2049 2954 2259 3013 duum-

221 3041 363 3100 viris
410 3040 718 3116 praeclare
766 3042 837 3100 de
885 3043 1113 3119 graecis
1160 3043 1381 3102 litteris
1426 3044 1674 3119 meritis,
1720 3043 2027 3102 Bernardo
2073 3042 2259 3102 Gren-

222 3129 327 3188 fell
365 3134 428 3190 et
460 3130 755 3190 Arthurio
792 3131 980 3206 Eunt,
1017 3133 1364 3207 propediem
1400 3133 1465 3191 in
1500 3134 1695 3192 lucem
1724 3133 1988 3191 edentur.
2044 3133 2260 3207 Itaque

404 3304 457 3370 1)
496 3299 576 3355 Cf.
615 3299 757 3354 Mar.
799 3299 1008 3355 Victor.
1051 3320 1105 3371 p.
1157 3307 1242 3370 70,
1284 3307 1376 3357 13:
1427 3303 1862 3370 (hexametrum)
1908 3303 2068 3358 habet
2115 3304 2264 3357 sedes

223 3387 332 3438 sex,
368 3388 509 3441 quas
543 3371 914 3426 Aristoxenus
950 3374 1192 3427 musicus
1226 3374 1413 3444 χώρας
1448 3380 1644 3428 vocat.
1672 3374 1869 3442 recipit
1894 3374 2059 3428 etiam
2086 3374 2260 3442 peda-

227 3441 298 3496 les
330 3444 546 3514 fiyuras
601 3449 736 3498 tres:
791 3444 893 3498 has
933 3443 1135 3498 Graeci
1178 3445 1375 3499 dicunt
1407 3443 1620 3499 ποὸικά
1658 3444 1954 3514 σχήματα.
1985 3462 2118 3499 nam
2163 3451 2264 3499 aut

224 3513 286 3567 in
318 3531 416 3569 sex
441 3520 634 3583 partes
670 3514 944 3569 dividitur
970 3531 1075 3583 per
1100 3517 1490 3586 monopodian,
1518 3520 1618 3569 aut
1643 3516 1707 3568 in
1734 3521 1841 3570 tres
1860 3532 1965 3584 per
1990 3517 2263 3585 dipodian

223 3590 274 3639 et
302 3586 369 3653 fit
403 3586 702 3653 trimetrus,
738 3592 839 3641 aut
874 3587 938 3639 in
973 3587 1118 3641 duas
1145 3604 1250 3655 per
1284 3589 1435 3640 κῶλα
1472 3587 1624 3641 duo,
1704 3587 2046 3642 .dirimitur.
