2622 3960
364 183 462 236 Lx
1157 181 1590 237 PRAEFATIO.

360 351 547 410 batur
610 352 755 410 olim
814 352 1077 410 Theseus
1143 370 1281 409 cum
1345 351 1808 410 Atheniensium
1872 349 2134 425 septenis
2200 350 2410 425 pueris

361 439 818 517 virginibusque
866 460 936 498 ex
983 439 1163 499 Creta
1206 440 1397 498 redux
1441 457 1732 515 paeanem
1777 438 2048 514 Apollini
2103 438 2411 514 cecinisse,

363 528 529 605 quod
575 530 689 588 etsi
737 529 1026 604 expressis
1071 529 1269 588 verbis
1317 529 1382 587 in
1425 529 1608 587 huius
1656 528 1941 587 carminis⁴
1972 527 2249 587 clausula
2287 546 2410 589 non

359 620 757 693 memoratur,
817 620 1080 676 mentem
1132 620 1339 676 tamen
1393 620 1608 692 poetae
1668 617 1988 676 manifesto
2053 616 2412 692 occupabat.

365 705 524 765 Sunt
567 724 775 766 versus
821 707 886 764 hi
934 699 1092 788 (128
1141 703 1327 784 sqq.):
1382 701 1562 789 ’ᾔθεοι
1608 699 1666 765 δ’
1715 703 1971 784 ἐγγύθεν
2017 702 2146 764 νέοι
2189 705 2410 764 παιά-

363 796 573 868 νιξαν
628 793 806 878 ἐρατᾷ
864 791 980 855 ὀπί.
1074 794 1322 873 Δάλιε,
1386 800 1665 874 χοροῖσι
1718 796 1963 873 Κηΐων
2026 790 2221 873 φρένα
2278 793 2410 853 ἰαν-

364 882 499 955 θεὶς
555 880 732 955 ὄπαζε
785 881 898 943 κτὲ.
983 884 1211 942 Tamen
1265 903 1387 943 non
1441 885 1640 943 minus
1698 886 1929 942 certum
1985 882 2178 942 Servii
2236 883 2412 942 testi-

362 974 633 1031 monium
680 969 786 1050 (ad
828 973 979 1031 Aen.
1026 973 1130 1047 VI,
1163 969 1302 1050 21):
1350 977 1565 1047 septem
1589 991 1812 1046 pueros
1859 978 1911 1031 et
1936 977 2149 1046 septem
2166 974 2412 1045 puellas

366 1053 449 1142 (v.
501 1053 572 1142 2)
612 1107 625 1119 .
671 1107 684 1119 .
722 1062 1109 1137 Bacchylides
1161 1064 1229 1121 in
1283 1063 1683 1137 dithyrambis.
1784 1062 2020 1120 Fabula
2075 1080 2232 1137 quae
2294 1061 2412 1120 hoc

367 1151 629 1209 carmine
692 1150 992 1209 uberrime
1059 1153 1121 1209 et
1180 1150 1498 1227 perpulcre
1560 1153 1848 1209 narratur
1910 1151 2164 1209 antehac
2220 1153 2284 1208 et
2340 1170 2411 1209 ex

361 1240 817 1316 mythographis
856 1242 917 1298 et
953 1259 1026 1298 ex
1060 1259 1347 1299 vasorum
1385 1238 1747 1315 quibusdam
1781 1240 2033 1316 picturis
2072 1242 2219 1298 nota
2257 1242 2410 1315 erat,

363 1328 436 1387 de
484 1330 702 1405 quibus
750 1329 1027 1388 omnibus
1073 1349 1234 1388 nunc
1272 1329 1677 1404 copiosissime
1715 1332 1778 1387 et
1815 1328 2162 1388 acutissime
2200 1327 2408 1404 dispu-

361 1418 520 1477 tavit
552 1417 613 1477 O.
640 1417 868 1477 Robert
894 1418 959 1476 in
988 1418 1492 1477 commentatione
1520 1417 1779 1476 Hermae
1807 1417 2102 1478 volumini
2128 1417 2407 1475 XXXHI.

362 1507 591 1566 inserta
638 1499 723 1587 (p.
776 1508 900 1565 132
951 1499 1130 1589 sqq.).
1222 1507 1481 1565 Nullum
1528 1496 2053 1582 est'prooemium3
2099 1506 2410 1565 inducitur

362 1597 573 1655 statim
618 1596 884 1654 Theseus
942 1614 1078 1653 cum
1130 1596 1335 1672 pueris
1390 1594 1843 1672 virginibusque
1897 1595 2151 1671 ipsoque
2205 1594 2410 1654 Minoe

365 1683 605 1743 Cretam
642 1684 880 1759 vehenS,
917 1687 1320 1760 narraturque
1356 1685 1489 1742 rixa
1525 1684 1754 1743 Theseo
1791 1704 1929 1744 cum
1962 1684 2164 1742 Minoe
2203 1687 2417 1742 exorta

364 1776 426 1832 et
486 1773 627 1832 huic
689 1773 929 1849 signum
993 1791 1031 1830 a
1087 1773 1230 1832 Iove
1297 1773 1507 1831 datum
1580 1776 1643 1831 et
1699 1793 1884 1848 quam
1945 1772 2253 1848 praeclare
2319 1772 2414 1830 illi

366 1862 564 1921 audax
610 1863 857 1920 conatus
907 1862 1196 1936 evenerit,
1251 1862 1358 1937 qui
1406 1881 1437 1919 e
1492 1862 1763 1938 Neptuni
1809 1862 2001 1938 patris
2061 1861 2418 1920 submarina

364 1950 540 2010 domo
606 1949 1007 2026 Amphitrites
1073 1951 1281 2011 divina
1335 1970 1589 2010 munera
1652 1970 1853 2011 secum
1916 1951 2111 2011 ferens
2170 1970 2201 2010 e
2256 1950 2415 2010 mari

363 2059 572 2099 rursus
620 2040 877 2098 emersit.

543 2128 719 2187 XVII
769 2126 1046 2205 [va].
1145 2130 1379 2206 Θησεύς
1424 2130 1539 2188 hoc
1595 2149 1834 2205 quoque
1880 2129 2264 2205 inscriptum,
2322 2130 2416 2187 in-

365 2220 509 2276 sunt
554 2220 759 2275 autem
805 2218 1019 2277 Thesei
1065 2219 1198 2295 ipsa
1243 2219 1440 2294 prima
1484 2218 1675 2293 facta,
1731 2218 1837 2277 sed
1880 2221 2129 2277 narrata
2171 2218 2416 2277 ratione

366 2326 521 2382 quae
569 2306 763 2365 adhuc
808 2307 988 2382 plane
1034 2308 1316 2381 inaudita
1362 2310 1510 2366 erat.
1604 2306 1758 2365 Sunt
1818 2307 1977 2365 enim
2026 2307 2246 2365 alterni
2294 2326 2416 2366 ser-

365 2414 572 2454 mones
618 2396 779 2472 regis
807 2396 1213 2471 Athenarum‚'
1239 2397 1431 2473 Aegei
1460 2396 1704 2470 scilicet,
1751 2398 1814 2454 et
1842 2396 2091 2455 alterius
2119 2414 2415 2471 personae

365 2504 489 2544 non
535 2484 844 2560 definitae3
894 2486 1115 2562 quippe
1161 2505 1283 2544 non
1328 2488 1490 2544 recte
1539 2488 1601 2543 et
1637 2484 1773 2543 aliis
1787 2477 1839 2567 1)
1888 2487 1950 2543 et
1984 2485 2135 2542 mihi
2170 2485 2420 2543 videtur

364 2574 561 2633 editor
612 2574 943 2633 Britannus
999 2593 1249 2633 uxorem
1302 2574 1463 2650 regis
1519 2573 1793 2632 Medeam
1849 2592 1984 2631 cum
2030 2592 2099 2632 eo
2148 2573 2416 2650 colloqui

360 2665 593 2738 putare.
685 2662 960 2722 Debebat
1006 2666 1166 2722 certe
1203 2663 1452 2721 Medeae
1500 2681 1759 2738 persona
1796 2663 2004 2738 aliqua
2049 2660 2287 2721 ratione
2324 2664 2418 2721 in-

367 2752 583 2811 dicari:
660 2771 916 2828 quorum
987 2752 1141 2810 nihil
1212 2751 1299 2826 fit,
1374 2754 1557 2826 atque
1632 2752 1817 2811 etiam
1899 2754 2108 2810 contra
2191 2751 2420 2811 diserte

362 2840 796 2900 Atheniensem
852 2860 913 2899 se
970 2840 1283 2917 praedicat
1336 2840 1389 2898 is
1437 2840 1543 2915 qui
1588 2860 1792 2917 regem
1847 2840 2223 2915 adloquitur,
2280 2860 2419 2899 cum

366 2930 516 2989 dicit
578 2922 661 3012 (v.
733 2922 801 3010 5)
867 2926 1148 3007 ἁμετέρας
1222 2926 1447 3007 χθονός
1521 2929 1593 2987 de
1666 2932 1830 2988 terra
1891 2928 2115 2988 Attica.
2220 2928 2420 2998 Quam

365 3019 605 3096 egregie
659 3019 808 3077 haec
863 3018 1059 3078 forma
1113 3036 1249 3075 cum
1303 3017 1741 3093 dithyrambico
1798 3038 2013 3094 genere
2078 3019 2417 3093 conveniat,

367 3127 439 3166 ex
485 3127 606 3184 quo
651 3106 965 3183 tragoedia
1010 3105 1313 3182 provenit,
1369 3107 1669 3165 neminem
1721 3107 1929 3183 fugere
1983 3109 2210 3183 potest3
2276 3111 2421 3166 sunt

366 3345 606 3400 Athenis
664 3347 955 3400 cantatum
1007 3362 1130 3399 esse
1186 3363 1412 3401 carmen
1465 3349 1636 3417 putat
1689 3347 1923 3417 Kenyon
1939 3390 1952 3415 ,
2021 3350 2217 3401 monet
2260 3346 2419 3402 Weil

367 3416 476 3470 etsi
539 3418 763 3485 poetae,
843 3433 958 3470 non
1021 3418 1215 3471 tamen
1279 3418 1477 3473 choros
1558 3421 1815 3472 externos
1880 3417 2121 3472 Athenis
2197 3421 2419 3473 certare

364 3486 565 3611 &litiga
577 3503 792 3611 {3an
793 3574 826 3611 Ο
827 3487 1206 3612 Ἥ1ᾒ);Ζ.Ηοιιι·ἰ<>ο
1244 3488 1415 3558 Weil,
1455 3489 1653 3544 Ottoni
1690 3488 1900 3559 Crusi0,
1940 3488 2141 3543 Carolo
2179 3489 2421 3558 Robert,
