2622 3960
1036 183 1466 238 PRAEFATIO.
2200 188 2272 241 LI

225 368 329 408 rus
347 349 565 409 merito
586 369 694 425 pro
715 356 997 427 corrupto
1018 351 1291 426 habetur,
1309 352 1839 430 reponendumque
1869 373 2005 413 cum
2024 352 2127 414 OF
2156 350 2267 431 09',

223 441 293 497 ut
339 437 423 497 sit
469 457 665 498 annus
713 442 860 499 476.
952 440 1233 516 Namque
1277 441 1343 498 id
1389 444 1449 500 et
1496 461 1568 500 ex
1603 441 1855 503 Pindari
1899 444 2160 504 carmine
2207 448 2270 504 et

224 546 295 586 ex
333 528 447 587 hoc
482 527 884 604 BacchylidiS,
923 549 1180 605 quorum
1207 533 1469 606 utroque
1497 529 1707 590 eadem
1733 532 1987 592 victoria
2015 533 2267 610 canitur,

220 617 476 692 planum
532 619 716 693 atque
773 621 1053 694 apertum
1109 621 1225 694 est,
1289 619 1684 679 Pherenicum
1747 622 1993 697 quidem
2046 642 2267 698 equum

222 705 406 765 huius
456 703 836 782 Olympiadis
882 707 1172 767 victorem
1225 727 1539 784 nunquam
1584 712 1766 768 antea
1814 708 2130 787 Olympiae
2177 711 2264 771 vi-

222 794 398 870 cisse,
464 795 679 855 vicisse
741 798 945 854 autem
1006 797 1257 873 Delphis
1327 789 1407 878 (v.
1467 790 1611 879 41),
1675 798 1973 875 Pythiade
2039 800 2267 860 scilicet

222 875 406 964 (teste
445 876 800 965 scholiasta)
837 885 1084 962 XXVII,
1122 905 1175 945 a.
1215 885 1352 946 Chr.
1392 906 1444 945 a.
1484 889 1631 946 478.
1717 887 1893 956 Quod
1938 889 2097 948 enim
2140 890 2266 949 iam

217 973 496 1048 proxima
584 973 785 1052 priore
864 974 1162 1050 Pythiade
1231 967 1492 1056 (XXVI,
1565 996 1618 1035 a.
1696 969 1865 1059 482)
1949 978 2266 1039 victoriam

220 1065 564 1137 equestrem
604 1062 855 1139 Delphis
900 1064 1086 1123 Hiero
1130 1067 1573 1141 reportaverat,
1630 1065 1783 1125 alius
1831 1067 2018 1126 fuisse
2072 1087 2263 1143 equus

204 1150 413 1223 victor
486 1152 841 1211 statuendus
913 1156 1029 1212 est:
1107 1154 1267 1230 quod
1328 1154 1382 1213 si
1445 1173 1612 1213 secus
1687 1158 1868 1230 esset,
1937 1156 2003 1213 id
2062 1155 2266 1232 ipsum

215 1239 282 1298 in
327 1241 592 1299 carmine
638 1240 984 1317 legeremus.
1078 1241 1262 1302 Cuius
1309 1243 1365 1302 si
1410 1262 1601 1301 annus
1648 1246 1740 1302 est
1786 1246 1943 1319 476,
1992 1245 2262 1320 apprime

219 1329 501 1389 convenit
555 1329 720 1405 quod
773 1350 964 1406 neque
1018 1331 1255 1390 Aetnae
1311 1331 1587 1390 conditae
1642 1332 1865 1391 mentio
1930 1332 2002 1391 fit
2065 1353 2261 1408 neque

216 1417 507 1477 victoriae
553 1418 790 1479 navalis
839 1420 909 1478 de
956 1420 1229 1480 Etruscis
1275 1423 1637 1496 reportatae,
1683 1421 1842 1479 sicut
1888 1440 1964 1479 ne
2012 1421 2075 1479 in
2121 1421 2261 1481 Pin-

217 1505 350 1565 dari
408 1502 651 1583 quidem
708 1506 1020 1584 Olympico
1077 1509 1340 1568 carmine
1394 1508 1606 1585 primo,
1707 1509 2088 1585 Bacchylidis
2148 1512 2261 1570 hoc

214 1615 408 1671 usque
437 1597 514 1655 ad
546 1597 811 1673 quinque
839 1600 1170 1674 systemata
1199 1599 1403 1673 ampla
1440 1598 1798 1673 extenditur,
1845 1598 2027 1657 habet
2054 1601 2261 1658 autem

214 1689 352 1760 post
406 1685 804 1763 prooemium,
870 1706 988 1764 quo
1045 1687 1311 1746 declarat
1370 1690 1552 1764 poeta
1607 1686 1724 1746 Ceo
1784 1707 1845 1746 se
1902 1705 2143 1747 carmen
2194 1689 2260 1747 in

218 1772 493 1833 Siciliam
543 1775 811 1852 mittere,
865 1775 1130 1852 primum
1176 1776 1723 1858 splendidissimum
1768 1777 2154 1852 praeconium
2200 1780 2262 1836 et

214 1864 375 1941 regis
424 1867 489 1922 et
532 1863 778 1924 victoris
826 1865 980 1942 equi.
1073 1865 1266 1934 Quam
1310 1868 1549 1942 partem
1593 1869 1916 1942 postquam
1961 1866 2259 1925 sententia

215 1953 486 2031 generali
515 1952 880 2032 terminavit,
917 1973 1039 2014 non
1068 1955 1268 2014 omnia
1294 1955 1409 2014 ulli
1445 1954 1676 2015 homini
1711 1954 1969 2014 feliciter
2006 1955 2259 2032 evenire,

212 2044 416 2120 pergit
470 2063 714 2102 narrare
773 2045 1189 2121 longissimam
1242 2044 1539 2120 fabulam,
1604 2044 1773 2103 cuius
1831 2048 2257 2122 argumentum

212 2133 440 2208 partim
485 2133 702 2191 saltem
738 2134 922 2192 etiam
957 2133 1022 2191 in
1056 2134 1307 2192 Pindari
1344 2134 1548 2209 aliquo
1588 2133 1849 2192 carmine
1898 2134 2259 2209 explicatum

213 2239 339 2281 esse
365 2221 667 2280 traditum
703 2225 796 2281 est
833 2215 1040 2304 (schol.
1087 2225 1143 2280 Φ
1185 2224 1331 2297 194,
1368 2223 1480 2299 fig.
1522 2223 1647 2281 249
1688 2214 1889 2303 ng.).
1963 2223 2254 2282 Hercules

215 2329 349 2370 cum
396 2310 477 2369 ad
512 2311 734 2370 inferos
774 2311 1175 2370 descendisset
1217 2310 1303 2369 ibi
1343 2330 1476 2369 cum
1512 2310 1816 2388 Meleagro
1856 2311 2254 2389 congreditur,

214 2400 315 2475 qui
364 2403 577 2458 narrat
619 2399 967 2459 tristissima
1013 2400 1160 2475 fata,
1206 2399 1423 2476 quihus
1460 2403 1523 2459 et
1556 2399 1775 2459 fratres
1822 2403 1883 2459 et
1918 2401 2047 2476 ipse
2085 2420 2255 2460 occu-

211 2488 499 2562 buerant3
555 2488 659 2547 ille
706 2492 909 2548 autem
954 2493 1015 2548 et
1068 2488 1478 2548 misericordia
1533 2491 1595 2547 et
1640 2489 2037 2548 admiratione
2091 2490 2253 2548 tanti

211 2578 330 2637 viri
357 2581 689 2636 commotus
721 2577 1034 2638 consilium
1073 2577 1238 2655 capit
1273 2596 1537 2637 sororem
1571 2578 1865 2654 Meleagri
1897 2577 2252 2637 Deianiram

210 2667 274 2725 in
301 2666 755 2726 matrimonium
785 2668 1056 2726 ducendi.
1075 2659 1125 2748 1)
1190 2666 1263 2724 Id
1288 2685 1432 2726 vero
1461 2666 1777 2725 consilium
1805 2665 1917 2724 sibi
1946 2666 2254 2726 funestum

209 2755 404 2816 iniens
433 2755 657 2815 inscius
696 2756 1009 2816 confirmat
1045 2755 1207 2833 quod
1233 2755 1537 2833 Meleager
1574 2755 1631 2813 ei
1658 2755 1891 2813 dixerat
1920 2748 2033 2836 (94
2064 2746 2251 2836 sqq.):

211 2842 464 2923 χαλεπὸν
494 2849 658 2905 θεῶν
688 2843 1059 2925 παρατρέψαι
1086 2842 1234 2905 νόον
1263 2841 1579 2923 ἄνδρεσσιν
1606 2841 1992 2923 ἐπιχθονίοις.
2060 2843 2253 2903 Docet

206 2933 402 3011 igitur
455 2936 637 3010 poeta
692 2934 947 2994 duorum
999 2935 1251 2993 heroum
1303 2933 1703 2993 maximorum
1758 2931 2068 3008 exempIiS,
2129 2951 2251 2991 non

207 3042 381 3098 posse
418 3022 691 3082 homines
729 3024 977 3082 deorum
1011 3024 1168 3081 iram
1205 3022 1389 3081 semel
1425 3022 1834 3098 undecumque
1883 3021 2246 3082 concitatam

209 3112 332 3170 ulla
350 3111 589 3171 ratione
610 3111 685 3170 ab
715 3131 775 3171 se
806 3115 1093 3187 avertere,
1121 3111 1303 3187 idque
1334 3112 1507 3171 docet
1532 3111 1856 3170 Hieronem
1880 3110 2156 3187 maxime,
2182 3111 2248 3169 in
2339 3165 2350 3174 .

211 3219 442 3260 summo
469 3201 718 3278 fastigio
746 3201 1052 3278 potentiae
1083 3203 1145 3258 et
1172 3200 1401 3277 gloriae
1431 3200 1807 3275 collocatum,
1833 3219 2045 3259 verum
2071 3202 2246 3276 tecte,

206 3308 326 3349 non
353 3290 536 3348 nimis
565 3293 795 3366 aperte:
826 3310 1009 3366 quare
1039 3291 1101 3347 et
1125 3292 1266 3364 post
1286 3289 1609 3348 Deianirae
1636 3288 2000 3348 mentionem
2023 3288 2247 3347 factam

374 3498 442 3621 ἐ)
455 3495 694 3620 ¹3Contra
719 3496 873 3565 apud
900 3495 1210 3550 Pindarum
1235 3493 1524 3564 Meleager
1550 3493 1612 3547 id
1651 3494 1723 3547 ab
1752 3493 1996 3549 Hercule
2031 3493 2243 3564 petisse

205 3584 375 3622 narra
418 3583 454 3621 a
482 3584 564 3622 ur.

1737 3652 1815 3706 d*
